2028 3224
256 192 303 245 ldd
518 196 730 242 lUVENALIS

254 296 370 370 legatum
379 311 457 350 omne
469 297 550 367 capis,
562 312 671 353 necnon
685 307 710 350 et
720 294 795 350 dulce
804 295 975 351 caducum.

254 371 397 427 Commoda
407 379 536 442 praeterea
547 373 690 445 iungentur
700 370 782 425 multa
793 370 916 437 caducis,

200 457 225 500 00
253 447 275 500 si
287 464 438 511 numerum,
455 447 478 500 si
493 447 707 517 tresimplevero.
736 447 791 502 luv.
812 447 886 500 Iusta
896 447 1008 501 dolori

253 521 375 585 Naevole,
388 539 466 576 causa
476 522 523 576 tui.
553 521 649 576 Contra
659 531 746 576 tamen
757 520 801 575 ille
813 521 882 593 quid
893 522 1006 576 affert:

253 598 337 653 Naar.
358 596 486 670 Negligit,
503 603 583 668 atque
599 597 680 652 alium
697 596 818 667 bipedem
832 597 886 651 sibi
903 604 996 669 quae

658 671 780 725 asellum.

255 748 323 801 Haeo
336 745 385 801 soli
397 746 539 800 commissa
549 746 597 801 tibi
609 745 693 801 celare
704 753 845 813 memento,

254 829 280 876 et
289 823 383 877 tacitus
394 831 495 876 nostras
504 822 668 896 intratesrge
678 821 808 893 querelas.
864 834 867 840 ·

201 908 227 952 05
255 898 323 951 Nam
336 915 376 951 res
387 896 517 952 mortifera
528 906 567 951 est
577 897 702 953 inimicus
712 897 817 968 pumice
827 896 905 951 levis.

256 971 308 1038 Qui
317 972 396 1027 modo
405 981 533 1026 secretum
544 973 718 1037 commiserat,
730 971 802 1025 ardet
812 978 836 1026 et
846 972 912 1037 odit,

254 1055 391 1119 tamquam
401 1047 571 1118 prodiderim,
587 1047 720 1119 quidquid
735 1046 799 1101 scio.
833 1046 952 1102 Sumere
968 1049 1010 1101 ier

658 1140 728 1186 rum,

255 1197 324 1252 fuste
334 1196 433 1267 aperire
442 1203 528 1266 caput,
540 1196 675 1251 candelam
686 1214 816 1269 apponere
827 1196 916 1251 valvis

255 1271 430 1326 nondubitat.
461 1271 878 1343 Neocontemnasautdespioias,
891 1273 972 1344 quod

202 1359 241 1400 100
255 1347 299 1401 his
309 1347 405 1418 opibus
417 1364 563 1419 numquam
577 1365 636 1402 cara
646 1360 685 1402 est
695 1364 798 1402 annona
809 1349 916 1401 veneni.

255 1424 327 1495 Ergo
338 1422 439 1476 occulta
448 1429 528 1495 teges,
541 1431 571 1476 ut
580 1424 652 1478 ouria
663 1423 753 1477 Martis
763 1421 882 1475 Athenis,

256 1498 311 1552 luv.
338 1496 361 1552 0
376 1497 507 1571 Corydon,
524 1498 656 1571 Corydon,
673 1505 800 1551 secretum
812 1495 903 1550 divitis
920 1497 1006 1552 ullun

256 1589 314 1626 esse
327 1571 422 1642 putas‘?
440 1571 515 1626 Servi
527 1580 557 1625 ut
567 1580 674 1637 taceant,
687 1573 804 1627 iumenta
814 1570 969 1641 loquentur,

256 1654 281 1700 et
290 1646 372 1710 oanis,
384 1654 410 1700 et
419 1654 515 1716 postes,
527 1654 552 1700 et
562 1663 700 1701 marmora.
730 1646 830 1701 Claude
839 1646 981 1712 fenestrae,

161 1719 166 1728 '
203 1732 240 1774 105
256 1720 313 1775 vela
324 1729 412 1792 tegant
421 1722 510 1783 rimas,
524 1721 606 1793 iunge
615 1722 689 1784 ostia,
701 1720 783 1775 tollito
792 1720 883 1776 lumen

257 1795 385 1862 emedio;
410 1794 523 1849 clament
537 1812 638 1849 omues.
668 1798 750 1866 Prope
765 1814 843 1850 uerno
853 1797 1010 1851 recumbat:

257 1870 330 1942 qnod
339 1877 425 1924 tamen
437 1870 468 1924 ad
479 1877 585 1924 cantum
597 1871 660 1943 galli
673 1871 731 1925 lacit
741 1870 784 1924 ille
794 1873 913 1937 secundi,

256 1945 396 2017 proximus
407 1953 466 1999 ante
476 1946 545 1999 diem
556 1963 639 2017 caupo
649 1947 724 2011 sciet3
746 1946 834 2000 audiet
843 1954 876 2012 et,
891 1965 958 2019 quae

257 2020 392 2075 finxerunt
404 2021 500 2092 pariter
510 2021 642 2085 librarius,
656 2021 833 2093 archimagiri,

204 2106 242 2148 110
256 2102 399 2166 carptores.
438 2095 513 2162 Quod
528 2097 599 2150 enim
610 2098 731 2151 dubitant
741 2113 896 2166 componere
905 2096 1007 2149 crimen

257 2171 286 2225 in
295 2170 425 2233 dominos,
439 2172 540 2242 quoties
551 2173 704 2226 rumoribus
714 2171 878 2226 ulciscuntur

257 2244 361 2300 haltea‘l
379 2247 432 2299 Neo
441 2246 530 2311 deerit,
545 2248 627 2319 quite
637 2265 683 2318 per
693 2247 805 2316 compita
814 2253 922 2317 quaerat

259 2320 399 2386 nolentem,
414 2331 439 2374 et
449 2322 571 2376 miseram
582 2322 692 2375 vinosus
701 2321 811 2375 inebriet
821 2339 920 2374 aurem.

259 2395 320 2452 lllos
330 2413 392 2469 ergo
402 2413 486 2473 roges,
499 2395 632 2468 quidquid
641 2396 720 2468 paulo
730 2403 789 2450 ante
798 2396 902 2467 petebas

204 2481 244 2524 115
259 2472 370 2526 anobis.
400 2472 511 2526 Taceant
520 2470 573 2524 illi:
595 2471 641 2524 sed
651 2471 758 2542 prodere
768 2470 870 2524 malunt

187 2564 189 2567 ·
259 2562 395 2610 arcanum,
407 2563 487 2617 quam
499 2546 616 2616 subrepti
627 2554 715 2616 potare
724 2546 838 2608 Falerni,
876 2578 878 2581 -

258 2638 307 2692 pro
316 2620 414 2692 populo
425 2620 522 2675 iaciens
533 2629 662 2690 quantum
674 2620 788 2674 Lausella
800 2620 925 2674 bibclrat..

260 2695 409 2750 Vivendurn
420 2705 487 2750 recto
497 2703 544 2760 est,
552 2712 612 2749 oum
619 2704 723 2767 propter
728 2695 797 2766 pluri
801 2713 852 2760 ma,
861 2705 916 2749 tum
922 2693 997 2749 dehis
