2072 3332
271 278 417 324 SATIRA
436 278 470 323 V.
708 278 742 331 59

16 398 52 432 rm
61 383 155 444 simus,
165 378 211 433 ait.
243 378 367 434 Votorum
381 379 500 433 summa!
521 378 667 446 Quidultra

16 452 121 507 meris?
147 450 232 508 Habet
254 453 378 518 Trebius,
402 461 507 525 propter
528 455 601 525 quod
621 473 744 528 rumpere

399 545 524 583 somnum

16 603 86 657 theat
95 601 228 676 etligulas
237 601 377 667 dimittere,
388 601 526 667 sollicitus,
538 620 572 658 ne
772 618 796 660 te

15 686 40 732 ta
53 677 197 732 salutatrix
210 677 262 731 iam
273 677 351 732 turba
363 678 491 750 peregerit
499 678 590 732 orbem

15 753 127 807 deribus
137 751 237 816 dubiis,
248 759 294 806 aut
303 751 349 806 illo
358 760 483 823 tempore,
495 769 550 823 quo
559 770 588 807 se

15 828 89 901 igida
98 828 284 899 circumagunt
292 827 361 899 pigri
370 843 472 881 sarraca
482 828 583 882 Bootae.

15 903 86 956 uelis
96 918 177 956 coena
188 899 297 956 tamen?
314 902 424 966 Vinum,
436 902 509 973 quod
518 902 624 958 succide
634 904 699 959 nolit

15 976 133 1049 napaei:
154 975 307 1031 deoonviva
320 975 591 1049 Corybantavidebis.
771 991 796 1033 25
892 1016 895 1022 .

15 1054 81 1125 ugia
91 1049 253 1123 proludunt3
274 1050 321 1105 sed
331 1067 394 1106 mox
405 1059 431 1105 et
440 1050 533 1123 pocula
541 1060 648 1124 torques

14 1129 111 1190 tucius,
123 1133 148 1180 et
157 1125 238 1180 rubra
250 1125 368 1199 deterges
377 1124 488 1181 vulnera
498 1144 602 1198 mappa,

14 1212 58 1256 iter
69 1219 119 1257 vos
128 1201 232 1272 quoties
243 1200 451 1272 libertorumque
459 1201 591 1256 cohortem

14 1295 83 1350 agna
94 1275 243 1348 Saguntina
252 1274 334 1331 lervel
342 1277 483 1330 commissa
493 1275 595 1350 lagena.

14 1370 51 1406 ›se
61 1351 188 1422 capillato
197 1349 325 1406 diffusum
335 1350 443 1405 musula
453 1360 524 1422 potat

14 1427 174 1498 ilcatamque
185 1432 253 1481 tenet
263 1424 339 1481 bellis
348 1425 489 1480 socialibus
499 1444 589 1492 uvam,

13 1502 113 1557 ardiaeo
123 1518 274 1572 numquam
284 1501 409 1574 cyathum
421 1501 553 1556 missurus
562 1501 656 1557 amico.

15 1596 56 1631 ras
67 1577 142 1632 bibet
152 1575 263 1630 Albanis
273 1575 375 1648 aliquid
387 1576 420 1631 de
429 1577 574 1641 montibus,
585 1584 631 1632 aut
640 1577 673 1633 de

13 1651 101 1716 stiriis,
115 1652 196 1706 cuius
206 1651 317 1722 patriam
328 1650 489 1723 titulumque
499 1659 619 1707 senectus

13 1726 91 1781 elevit
100 1726 188 1780 multa
197 1726 292 1780 veteris
303 1725 416 1799 iuligine
425 1733 518 1796 testac;

14 1801 72 1856 uale
80 1800 199 1856 coronati
211 1801 323 1855 Thrasea
333 1800 524 1874 Helvidiusque
533 1801 651 1857 solebant

15 1885 137 1931 rutarum
150 1884 176 1930 et
186 1876 260 1931 Cassi
273 1875 417 1932 natalibus.
447 1878 504 1948 lpse
513 1894 620 1948 capaces

13 1951 137 2006 leliadum
150 1958 253 2005 crustas
263 1957 288 2006 et
297 1950 450 2022 inaequales
460 1951 561 2026 beryllo

13 2028 70 2082 'irro
82 2034 154 2081 tanet
162 2025 280 2096 phialas:
301 2026 349 2080 tibi
360 2044 412 2081 non
422 2028 593 2082 committitur
602 2046 711 2098 cirrum,

13 2102 46 2167 el,
58 2103 82 2157 si
91 2100 204 2174 quando
213 2099 300 2167 datur,
311 2109 400 2156 custos
410 2100 507 2157 affixus
517 2103 625 2168 ibidem,
667 2154 671 2161 .

15 2179 41 2231 ui
51 2184 177 2232 numeret
184 2178 720 2250 gemmasunguesqueobservetadunoos.

13 2252 165 2307 taveniam:
187 2250 318 2322 praeclara
328 2250 514 2307 illiolaudatur
524 2253 614 2325 iaspis.

13 2329 64 2382 lam
72 2328 162 2391 Virro,
179 2333 208 2380 ut
221 2325 308 2391 multi,
319 2344 438 2399 gemmas
448 2327 481 2382 ad
490 2329 584 2400 pocula
594 2329 715 2384 transfert

23 2402 123 2476 digitis,
137 2419 208 2473 quas
216 2402 245 2456 in
256 2401 365 2474 vaginae
375 2400 459 2457 fronte
467 2403 567 2459 solebat

13 2495 93 2532 »onere
103 2476 226 2550 zelotypo
236 2475 340 2531 iuvenis
353 2476 484 2548 praelatus
498 2479 595 2533 larbae.

13 2553 39 2605 lu
49 2551 228 2607 beneventani
241 2552 337 2606 sutoris
346 2568 441 2607 nomen
454 2553 594 2608 habentem

13 2627 109 2682 locabis
119 2626 229 2683 calicem
240 2643 364 2680 nasorum
373 2634 494 2699 quatuor,
506 2628 598 2683 aciem

13 2709 165 2771 inassatum,
176 2709 203 2756 et
212 2709 290 2772 rupto
299 2709 448 2772 poscentem
457 2702 586 2774 sulphura
596 2703 672 2758 vitro.

13 2776 29 2829 li
38 2776 190 2833 stomachus
201 2775 302 2833 domini
312 2776 393 2834 fervet
403 2778 519 2852 vinoque
526 2778 647 2853 ciboque,
