2072 3332
268 250 415 297 sama
433 251 478 297 w.

28 352 110 408 llidus
120 360 145 406 et
154 352 248 407 cristae
256 351 352 424 digitos
362 352 497 425 impressit
505 350 607 424 aliptes,

27 454 28 475 ι
40 447 180 484 summum
190 429 313 482 dominae
322 427 408 482 lemur
417 428 566 483 exclamare
573 431 665 502 coegit.

27 507 131 560 malvae
140 505 233 559 miseri
247 504 343 557 interea
354 521 502 576 somnoque
511 503 633 576 lameque

27 589 154 653 gueotur.
185 579 303 633 Tandem
314 578 358 633 illa
369 580 440 633 venit
450 580 637 645 rubicundula,
649 588 731 635 totum
761 589 800 636 425

28 656 177 729 bophorum
190 655 292 719 sitiens,
306 654 383 725 plena
392 656 465 726 quod
475 655 590 710 tenditur
599 674 667 710 urna

27 735 133 787 linctum
144 731 268 803 pedibus,
280 729 313 784 de
322 749 377 801 quo
385 733 515 785 sextarius
529 731 593 786 alter

27 811 101 863 icitur
111 816 171 863 ante
180 807 281 870 cibum,
293 806 412 860 rabidam
423 805 540 862 lacturus
552 808 664 862 orexim.

27 903 64 938 nn
77 884 154 946 redit,
166 889 192 936 et
203 882 255 936 loto
265 890 359 935 terram
369 881 428 936 lerit
438 883 569 949 intestino,

27 959 176 1014 armoribus
187 958 237 1012 rivi
247 965 395 1029 properant,
407 965 453 1012 ant
463 958 513 1013 lata
524 958 632 1013 Falerno
760 967 800 1013 430

27 1036 80 1089 lvis
91 1035 158 1089 olet:
179 1051 242 1087 nam
253 1033 300 1098 sic,
315 1040 452 1105 tamquam
466 1034 517 1089 alta
527 1035 555 1089 in
564 1033 633 1088 dolia
643 1032 740 1107 longus

27 1111 120 1166 ciderit
129 1127 249 1181 serpens
261 1109 329 1164 bibit
338 1117 363 1162 et
374 1109 466 1163 vomit.
496 1111 566 1183 Ergo
576 1110 687 1164 maritus

27 1194 112 1252 noscat,
127 1193 208 1256 atque
216 1182 299 1239 oculis
309 1184 389 1238 bilem
399 1185 557 1259 substringit
566 1184 672 1257 opertis.

32 1262 79 1317 llla
88 1270 176 1317 tamen
187 1261 302 1334 gravior,
317 1260 395 1332 quae,
411 1279 496 1332 quum
509 1260 675 1316 discumbere
687 1279 746 1315 coe-

421 1337 449 1401 it,

27 1412 84 1468 idat
92 1411 249 1486 Virgilium,
260 1411 390 1482 periturae
397 1355 511 1485 ,iignoscit
521 1412 630 1474 Elissae,
760 1422 799 1466 435

28 1489 136 1543 mmittit
146 1495 220 1542 vates
229 1496 254 1540 et
263 1497 407 1559 eomparat;
421 1488 482 1542 inde
491 1489 625 1543 Maronem

27 1581 73 1636 {ue
82 1564 134 1619 alia
145 1571 219 1635 parte
228 1562 255 1616 in
266 1564 363 1618 trutina
374 1563 513 1634 suspendit
525 1565 677 1618 Homerum.

27 1642 98 1694 dunt
107 1638 285 1713 grammatici,
301 1639 445 1694 vincuntur
454 1640 578 1701 rhetores
590 1640 677 1694 omnis

27 1717 70 1770 rba
82 1723 162 1783 tacot3
185 1731 233 1769 nec
241 1715 400 1779 causidicus,
414 1733 460 1769 nec
469 1733 560 1786 praeco
572 1714 702 1787 loquatur,

27 1810 72 1846 era
87 1806 136 1846 nec
146 1789 257 1844 mulier:
279 1791 420 1845 verborum
431 1798 499 1845 tanta
512 1791 580 1844 cadit
592 1792 642 1856 vis,
757 1797 798 1844 444

27 1884 31 1920 ;
44 1868 142 1939 pariter
152 1864 242 1936 pelves
255 1870 280 1919 et
289 1866 465 1920 tintinnabula
475 1866 547 1920 dicas

27 1942 107 1997 rlsari.
139 1943 195 1995 lam
205 1957 284 1995 nemo
293 1941 370 1995 tubas
384 1949 462 2013 atque
471 1959 529 1996 aera
539 1941 640 2016 fatiget:

27 2037 47 2072 ra
59 2016 188 2072 laboranti
199 2017 291 2087 poterit
300 2034 451 2072 succurrere
461 2017 549 2072 lunae.

32 2094 147 2166 lmponit
156 2092 237 2146 finem
247 2092 352 2163 sapiens
364 2101 390 2146 et
402 2093 481 2147 rebus
491 2092 617 2148 honestis.

27 2188 62 2223 nn
72 2170 94 2223 si
109 2169 183 2223 docta
194 2168 275 2222 nimis
284 2169 357 2239 cupit
368 2177 393 2222 et
403 2167 515 2223 lacunda
527 2168 620 2233 videri,
758 2174 798 2222 445

27 2253 157 2300 oretenus
168 2243 255 2298 medio
265 2245 367 2298 tunicas
377 2245 528 2318 succingere
537 2245 622 2310 debet,

27 2320 100 2374 cdere
109 2319 218 2374 Silvano
227 2336 346 2390 porcum,
358 2320 503 2392 quadrante
513 2321 604 2375 lavari.

27 2414 52 2449 ru
65 2396 160 2450 babeat
168 2402 296 2458 matrona,
307 2395 356 2450 tibi
366 2414 433 2467 quae
444 2397 531 2451 iuncta
541 2394 679 2459 recumbit,

27 2471 99 2526 :endi
108 2487 204 2544 genus,
217 2477 376 2525 autcurtum
387 2489 506 2528 sermone
515 2478 596 2526 rotato

27 2555 114 2618 ·queat
123 2546 304 2619 enthymema,
317 2563 364 2601 nec
376 2548 497 2602 historias
508 2549 572 2601 sciat
581 2562 686 2600 omnes:
757 2551 797 2601 lto

27 2621 180 2694 lquaodam
192 2639 225 2676 ex
236 2621 311 2676 libris
321 2629 346 2676 et
357 2640 408 2678 non
419 2623 557 2696 intelligat.
588 2619 637 2676 Odi

27 2716 63 2752 no
73 2715 130 2771 ego,
145 2714 214 2769 quae
225 2699 316 2769 repetit
328 2697 462 2770 volvitque
471 2696 634 2753 Palaemonis
645 2704 736 2763 artem,

27 2780 97 2830 irata
105 2791 210 2846 semper
219 2772 276 2847 lege
285 2781 310 2828 et
320 2773 418 2828 ratione
429 2772 563 2846 loquendi,
