<?xml version="1.0" encoding="UTF-8"?>
<!DOCTYPE html PUBLIC "-//W3C//DTD XHTML 1.0 Transitional//EN"
    "http://www.w3.org/TR/xhtml1/DTD/xhtml1-transitional.dtd">
<html xmlns="http://www.w3.org/1999/xhtml" xml:lang="en" lang="en">
 <head>
  <title>
</title>
<meta http-equiv="Content-Type" content="text/html;charset=utf-8" />
  <meta name='ocr-system' content='tesseract 3.04.00' />
  <meta name='ocr-capabilities' content='ocr_page ocr_carea ocr_par ocr_line ocrx_word'/>
</head>
<body>
  <div class='ocr_page' id='page_1' title='image "apersiiflacciet00weisgoog_0070.png"; bbox 0 0 2072 3332; ppageno 0'>
   <div class='ocr_carea' id='block_1_1' title="bbox 289 261 767 315">
    <p class='ocr_par' dir='ltr' id='par_1_1' title="bbox 289 261 767 315">
     <span class='ocr_line' id='line_1_1' title="bbox 289 261 767 315; baseline 0.01 -5"><span class='ocrx_word' id='word_1_1' title='bbox 289 264 433 312; x_wconf 74' lang='lat' dir='ltr'>muta</span> <span class='ocrx_word' id='word_1_2' title='bbox 452 266 497 312; x_wconf 85' lang='lat' dir='ltr'>vl.</span> <span class='ocrx_word' id='word_1_3' title='bbox 733 261 767 315; x_wconf 78' lang='grc'>67</span> 
     </span>
    </p>
   </div>
   <div class='ocr_carea' id='block_1_2' title="bbox 25 365 821 2858">
    <p class='ocr_par' dir='ltr' id='par_1_2' title="bbox 38 365 821 497">
     <span class='ocr_line' id='line_1_2' title="bbox 38 365 764 438; baseline 0.003 -17"><span class='ocrx_word' id='word_1_4' title='bbox 38 376 88 421; x_wconf 80' lang='lat' dir='ltr'>trae</span> <span class='ocrx_word' id='word_1_5' title='bbox 97 365 240 421; x_wconf 86' lang='lat' dir='ltr'>moechum</span> <span class='ocrx_word' id='word_1_6' title='bbox 252 366 381 438; x_wconf 86' lang='lat' dir='ltr'>sequitur,</span> <span class='ocrx_word' id='word_1_7' title='bbox 397 367 531 422; x_wconf 87' lang='lat' dir='ltr'>stomacho</span> <span class='ocrx_word' id='word_1_8' title='bbox 540 366 616 422; x_wconf 85' lang='lat' dir='ltr'>vaiet.</span> <span class='ocrx_word' id='word_1_9' title='bbox 655 368 764 424; x_wconf 85' lang='lat' dir='ltr'>illama-</span> 
     </span>
     <span class='ocr_line' id='line_1_3' title="bbox 505 442 821 497; baseline 0.003 -1"><span class='ocrx_word' id='word_1_10' title='bbox 505 442 586 497; x_wconf 90' lang='lat' dir='ltr'>ritum</span> <span class='ocrx_word' id='word_1_11' title='bbox 782 455 821 497; x_wconf 84' lang='lat' dir='ltr'>tat</span> 
     </span>
    </p>

    <p class='ocr_par' dir='ltr' id='par_1_3' title="bbox 36 517 710 589">
     <span class='ocr_line' id='line_1_4' title="bbox 36 517 710 589; baseline 0.001 -17"><span class='ocrx_word' id='word_1_12' title='bbox 36 517 161 572; x_wconf 73' lang='lat' dir='ltr'>&gt;nr-omit:</span> <span class='ocrx_word' id='word_1_13' title='bbox 183 517 249 571; x_wconf 91' lang='lat' dir='ltr'>haec</span> <span class='ocrx_word' id='word_1_14' title='bbox 260 517 326 572; x_wconf 88' lang='lat' dir='ltr'>inter</span> <span class='ocrx_word' id='word_1_15' title='bbox 336 524 430 572; x_wconf 86' lang='lat' dir='ltr'>nautas</span> <span class='ocrx_word' id='word_1_16' title='bbox 440 525 465 572; x_wconf 90' lang='lat' dir='ltr'>et</span> <span class='ocrx_word' id='word_1_17' title='bbox 477 518 597 589; x_wconf 78' lang='lat' dir='ltr'>prandet,</span> <span class='ocrx_word' id='word_1_18' title='bbox 608 527 634 573; x_wconf 87' lang='lat' dir='ltr'>et</span> <span class='ocrx_word' id='word_1_19' title='bbox 642 527 710 573; x_wconf 89' lang='lat' dir='ltr'>errat</span> 
     </span>
    </p>

    <p class='ocr_par' dir='ltr' id='par_1_4' title="bbox 36 592 696 666">
     <span class='ocr_line' id='line_1_5' title="bbox 36 592 696 666; baseline 0.005 -20"><span class='ocrx_word' id='word_1_20' title='bbox 36 611 62 646; x_wconf 89' lang='lat' dir='ltr'>er</span> <span class='ocrx_word' id='word_1_21' title='bbox 71 610 200 664; x_wconf 83' lang='lat' dir='ltr'>puppem,</span> <span class='ocrx_word' id='word_1_22' title='bbox 212 599 238 646; x_wconf 88' lang='lat' dir='ltr'>et</span> <span class='ocrx_word' id='word_1_23' title='bbox 247 593 328 647; x_wconf 89' lang='lat' dir='ltr'>duros</span> <span class='ocrx_word' id='word_1_24' title='bbox 337 592 434 666; x_wconf 80' lang='lat' dir='ltr'>gaudet</span> <span class='ocrx_word' id='word_1_25' title='bbox 444 601 552 648; x_wconf 87' lang='lat' dir='ltr'>tractare</span> <span class='ocrx_word' id='word_1_26' title='bbox 562 594 696 649; x_wconf 80' lang='lat' dir='ltr'>rudentes.</span> 
     </span>
    </p>

    <p class='ocr_par' dir='ltr' id='par_1_5' title="bbox 35 667 709 740">
     <span class='ocr_line' id='line_1_6' title="bbox 35 667 709 740; baseline 0.003 -19"><span class='ocrx_word' id='word_1_27' title='bbox 35 676 73 722; x_wconf 75' lang='lat' dir='ltr'>tua</span> <span class='ocrx_word' id='word_1_28' title='bbox 87 677 173 723; x_wconf 80' lang='lat' dir='ltr'>tamem</span> <span class='ocrx_word' id='word_1_29' title='bbox 185 668 284 723; x_wconf 75' lang='lat' dir='ltr'><strong>exarsit</strong></span> <span class='ocrx_word' id='word_1_30' title='bbox 295 667 389 732; x_wconf 79' lang='lat' dir='ltr'>forma,</span> <span class='ocrx_word' id='word_1_31' title='bbox 400 686 454 740; x_wconf 86' lang='lat' dir='ltr'>que</span> <span class='ocrx_word' id='word_1_32' title='bbox 462 677 537 740; x_wconf 87' lang='lat' dir='ltr'>capta</span> <span class='ocrx_word' id='word_1_33' title='bbox 552 670 558 722; x_wconf 94' lang='lat' dir='ltr'>i</span> <span class='ocrx_word' id='word_1_34' title='bbox 563 677 656 723; x_wconf 90' lang='lat' dir='ltr'>uventa</span> <span class='ocrx_word' id='word_1_35' title='bbox 669 678 709 725; x_wconf 90' lang='lat' dir='ltr'>est</span> 
     </span>
    </p>

    <p class='ocr_par' dir='ltr' id='par_1_6' title="bbox 34 742 665 815">
     <span class='ocr_line' id='line_1_7' title="bbox 34 742 665 815; baseline 0.002 -18"><span class='ocrx_word' id='word_1_36' title='bbox 34 742 130 815; x_wconf 78' lang='lat' dir='ltr'>tippia‘?</span> <span class='ocrx_word' id='word_1_37' title='bbox 149 742 217 814; x_wconf 90' lang='lat' dir='ltr'>quid</span> <span class='ocrx_word' id='word_1_38' title='bbox 226 744 303 805; x_wconf 81' lang='lat' dir='ltr'>vidit,</span> <span class='ocrx_word' id='word_1_39' title='bbox 318 744 506 815; x_wconf 87' lang='lat' dir='ltr'>propterquod</span> <span class='ocrx_word' id='word_1_40' title='bbox 518 745 603 799; x_wconf 85' lang='lat' dir='ltr'>Ludia</span> <span class='ocrx_word' id='word_1_41' title='bbox 614 745 665 799; x_wconf 86' lang='lat' dir='ltr'>diei</span> 
     </span>
    </p>

    <p class='ocr_par' dir='ltr' id='par_1_7' title="bbox 34 817 819 892">
     <span class='ocr_line' id='line_1_8' title="bbox 34 817 819 892; baseline 0 -19"><span class='ocrx_word' id='word_1_42' title='bbox 34 817 164 873; x_wconf 81' lang='lat' dir='ltr'>ustinuit?</span> <span class='ocrx_word' id='word_1_43' title='bbox 183 819 252 873; x_wconf 88' lang='lat' dir='ltr'>Nam</span> <span class='ocrx_word' id='word_1_44' title='bbox 262 818 397 892; x_wconf 81' lang='lat' dir='ltr'>Sergiolus</span> <span class='ocrx_word' id='word_1_45' title='bbox 407 820 459 874; x_wconf 91' lang='lat' dir='ltr'>iam</span> <span class='ocrx_word' id='word_1_46' title='bbox 469 820 560 875; x_wconf 89' lang='lat' dir='ltr'>radere</span> <span class='ocrx_word' id='word_1_47' title='bbox 568 829 661 892; x_wconf 83' lang='lat' dir='ltr'>guttur</span> <span class='ocrx_word' id='word_1_48' title='bbox 782 832 819 873; x_wconf 74' lang='lat' dir='ltr'>tut</span> 
     </span>
    </p>

    <p class='ocr_par' dir='ltr' id='par_1_8' title="bbox 33 894 616 966">
     <span class='ocr_line' id='line_1_9' title="bbox 33 894 616 966; baseline 0 -17"><span class='ocrx_word' id='word_1_49' title='bbox 33 902 142 966; x_wconf 75' lang='lat' dir='ltr'>peperat,</span> <span class='ocrx_word' id='word_1_50' title='bbox 154 902 180 949; x_wconf 89' lang='lat' dir='ltr'>et</span> <span class='ocrx_word' id='word_1_51' title='bbox 188 901 259 950; x_wconf 85' lang='lat' dir='ltr'>secto</span> <span class='ocrx_word' id='word_1_52' title='bbox 268 894 387 966; x_wconf 76' lang='lat' dir='ltr'>requiem</span> <span class='ocrx_word' id='word_1_53' title='bbox 398 912 503 965; x_wconf 85' lang='lat' dir='ltr'>sperare</span> <span class='ocrx_word' id='word_1_54' title='bbox 513 895 616 950; x_wconf 84' lang='lat' dir='ltr'>lacerto.</span> 
     </span>
    </p>

    <p class='ocr_par' dir='ltr' id='par_1_9' title="bbox 32 968 584 1034">
     <span class='ocr_line' id='line_1_10' title="bbox 32 968 584 1034; baseline 0 -10"><span class='ocrx_word' id='word_1_55' title='bbox 32 976 147 1024; x_wconf 82' lang='lat' dir='ltr'>&#39;raeterea</span> <span class='ocrx_word' id='word_1_56' title='bbox 162 969 246 1024; x_wconf 79' lang='lat' dir='ltr'>mtrlta</span> <span class='ocrx_word' id='word_1_57' title='bbox 256 969 283 1024; x_wconf 90' lang='lat' dir='ltr'>in</span> <span class='ocrx_word' id='word_1_58' title='bbox 294 969 358 1025; x_wconf 80' lang='lat' dir='ltr'>facie</span> <span class='ocrx_word' id='word_1_59' title='bbox 367 968 503 1034; x_wconf 74' lang='lat' dir='ltr'>deformia,</span> <span class='ocrx_word' id='word_1_60' title='bbox 515 970 584 1025; x_wconf 88' lang='lat' dir='ltr'>sicut</span> 
     </span>
    </p>

    <p class='ocr_par' dir='ltr' id='par_1_10' title="bbox 31 1044 633 1120">
     <span class='ocr_line' id='line_1_11' title="bbox 31 1044 633 1120; baseline 0.002 -20"><span class='ocrx_word' id='word_1_61' title='bbox 31 1046 127 1100; x_wconf 88' lang='lat' dir='ltr'>dtritus</span> <span class='ocrx_word' id='word_1_62' title='bbox 136 1044 212 1119; x_wconf 82' lang='lat' dir='ltr'>galea</span> <span class='ocrx_word' id='word_1_63' title='bbox 222 1045 370 1118; x_wconf 83' lang='lat' dir='ltr'>mediisque</span> <span class='ocrx_word' id='word_1_64' title='bbox 380 1045 408 1100; x_wconf 91' lang='lat' dir='ltr'>in</span> <span class='ocrx_word' id='word_1_65' title='bbox 419 1046 528 1100; x_wconf 88' lang='lat' dir='ltr'>naribus</span> <span class='ocrx_word' id='word_1_66' title='bbox 540 1047 633 1120; x_wconf 79' lang='lat' dir='ltr'>ingens</span> 
     </span>
    </p>

    <p class='ocr_par' dir='ltr' id='par_1_11' title="bbox 30 1120 680 1193">
     <span class='ocr_line' id='line_1_12' title="bbox 30 1120 680 1193; baseline -0.002 -16.991"><span class='ocrx_word' id='word_1_67' title='bbox 30 1122 125 1190; x_wconf 83' lang='lat' dir='ltr'>ibbus,</span> <span class='ocrx_word' id='word_1_68' title='bbox 135 1129 161 1175; x_wconf 90' lang='lat' dir='ltr'>et</span> <span class='ocrx_word' id='word_1_69' title='bbox 171 1137 230 1176; x_wconf 87' lang='lat' dir='ltr'>acre</span> <span class='ocrx_word' id='word_1_70' title='bbox 239 1120 341 1175; x_wconf 86' lang='lat' dir='ltr'>maium</span> <span class='ocrx_word' id='word_1_71' title='bbox 351 1138 455 1193; x_wconf 87' lang='lat' dir='ltr'>semper</span> <span class='ocrx_word' id='word_1_72' title='bbox 463 1120 587 1176; x_wconf 75' lang='lat' dir='ltr'>stillantis</span> <span class='ocrx_word' id='word_1_73' title='bbox 596 1121 680 1177; x_wconf 76' lang='lat' dir='ltr'>coelii</span> 
     </span>
    </p>

    <p class='ocr_par' dir='ltr' id='par_1_12' title="bbox 30 1171 820 1271">
     <span class='ocr_line' id='line_1_13' title="bbox 30 1171 820 1271; baseline 0 -20"><span class='ocrx_word' id='word_1_74' title='bbox 30 1171 283 1271; x_wconf 76' lang='lat' dir='ltr'>iedgladiatorerat:</span> <span class='ocrx_word' id='word_1_75' title='bbox 304 1195 424 1252; x_wconf 76' lang='lat' dir='ltr'>fecithoc</span> <span class='ocrx_word' id='word_1_76' title='bbox 435 1196 495 1251; x_wconf 85' lang='lat' dir='ltr'>dios</span> <span class='ocrx_word' id='word_1_77' title='bbox 505 1197 679 1271; x_wconf 83' lang='lat' dir='ltr'>Hyacinthos·</span> <span class='ocrx_word' id='word_1_78' title='bbox 782 1210 820 1252; x_wconf 86' lang='lat' dir='ltr'>tto</span> 
     </span>
    </p>

    <p class='ocr_par' dir='ltr' id='par_1_13' title="bbox 29 1272 678 1358">
     <span class='ocr_line' id='line_1_14' title="bbox 29 1272 678 1358; baseline 0 -32"><span class='ocrx_word' id='word_1_79' title='bbox 29 1272 167 1358; x_wconf 82' lang='lat' dir='ltr'>rocpueria</span> <span class='ocrx_word' id='word_1_80' title='bbox 178 1272 337 1343; x_wconf 78' lang='lat' dir='ltr'>patriaeque,</span> <span class='ocrx_word' id='word_1_81' title='bbox 349 1272 399 1326; x_wconf 91' lang='lat' dir='ltr'>hoc</span> <span class='ocrx_word' id='word_1_82' title='bbox 407 1272 530 1344; x_wconf 82' lang='lat' dir='ltr'>praetulit</span> <span class='ocrx_word' id='word_1_83' title='bbox 540 1273 584 1327; x_wconf 88' lang='lat' dir='ltr'>iila</span> <span class='ocrx_word' id='word_1_84' title='bbox 597 1274 678 1328; x_wconf 89' lang='lat' dir='ltr'>sorori</span> 
     </span>
    </p>

    <p class='ocr_par' dir='ltr' id='par_1_14' title="bbox 28 1348 772 1422">
     <span class='ocr_line' id='line_1_15' title="bbox 28 1348 772 1422; baseline 0.004 -21.02"><span class='ocrx_word' id='word_1_85' title='bbox 28 1357 95 1420; x_wconf 91' lang='lat' dir='ltr'>tque</span> <span class='ocrx_word' id='word_1_86' title='bbox 103 1365 167 1402; x_wconf 87' lang='lat' dir='ltr'>vrro</span> <span class='ocrx_word' id='word_1_87' title='bbox 179 1348 335 1403; x_wconf 80' lang='lat' dir='ltr'>Ferrumest</span> <span class='ocrx_word' id='word_1_88' title='bbox 337 1349 524 1419; x_wconf 73' lang='lat' dir='ltr'>..quodamant</span> <span class='ocrx_word' id='word_1_89' title='bbox 537 1348 772 1422; x_wconf 79' lang='lat' dir='ltr'>HicSergiusidem</span> 
     </span>
    </p>

    <p class='ocr_par' dir='ltr' id='par_1_15' title="bbox 28 1422 552 1496">
     <span class='ocr_line' id='line_1_16' title="bbox 28 1422 552 1496; baseline 0.002 -19"><span class='ocrx_word' id='word_1_90' title='bbox 28 1431 119 1496; x_wconf 74' lang='lat' dir='ltr'>recepta</span> <span class='ocrx_word' id='word_1_91' title='bbox 131 1422 198 1478; x_wconf 91' lang='lat' dir='ltr'>rude</span> <span class='ocrx_word' id='word_1_92' title='bbox 206 1423 333 1495; x_wconf 83' lang='lat' dir='ltr'>coepisset</span> <span class='ocrx_word' id='word_1_93' title='bbox 342 1424 450 1480; x_wconf 86' lang='lat' dir='ltr'>Veiento</span> <span class='ocrx_word' id='word_1_94' title='bbox 458 1423 552 1479; x_wconf 88' lang='lat' dir='ltr'>videri.</span> 
     </span>
    </p>

    <p class='ocr_par' dir='ltr' id='par_1_16' title="bbox 25 1498 820 2255">
     <span class='ocr_line' id='line_1_17' title="bbox 54 1498 751 1571; baseline -0.003 -17"><span class='ocrx_word' id='word_1_95' title='bbox 54 1499 123 1566; x_wconf 87' lang='lat' dir='ltr'>Quid</span> <span class='ocrx_word' id='word_1_96' title='bbox 137 1499 239 1570; x_wconf 87' lang='lat' dir='ltr'>privata</span> <span class='ocrx_word' id='word_1_97' title='bbox 249 1499 354 1564; x_wconf 85' lang='lat' dir='ltr'>domus,</span> <span class='ocrx_word' id='word_1_98' title='bbox 366 1498 432 1571; x_wconf 91' lang='lat' dir='ltr'>quid</span> <span class='ocrx_word' id='word_1_99' title='bbox 442 1498 530 1553; x_wconf 80' lang='lat' dir='ltr'>iecerit</span> <span class='ocrx_word' id='word_1_100' title='bbox 539 1498 644 1570; x_wconf 83' lang='lat' dir='ltr'>Hippia,</span> <span class='ocrx_word' id='word_1_101' title='bbox 656 1498 751 1553; x_wconf 84' lang='lat' dir='ltr'>curas‘?</span> 
     </span>
     <span class='ocr_line' id='line_1_18' title="bbox 26 1574 819 1647; baseline -0.001 -17"><span class='ocrx_word' id='word_1_102' title='bbox 26 1576 125 1647; x_wconf 70' lang='lat' dir='ltr'>despice</span> <span class='ocrx_word' id='word_1_103' title='bbox 136 1574 232 1630; x_wconf 84' lang='lat' dir='ltr'>rivales</span> <span class='ocrx_word' id='word_1_104' title='bbox 242 1574 382 1641; x_wconf 86' lang='lat' dir='ltr'>Divorum;</span> <span class='ocrx_word' id='word_1_105' title='bbox 404 1574 532 1630; x_wconf 86' lang='lat' dir='ltr'>Claudius</span> <span class='ocrx_word' id='word_1_106' title='bbox 541 1574 602 1629; x_wconf 91' lang='lat' dir='ltr'>audi</span> <span class='ocrx_word' id='word_1_107' title='bbox 780 1585 819 1629; x_wconf 79' lang='grc'>115</span> 
     </span>
     <span class='ocr_line' id='line_1_19' title="bbox 26 1649 750 1723; baseline -0.004 -17"><span class='ocrx_word' id='word_1_108' title='bbox 26 1649 194 1723; x_wconf 73' lang='lat' dir='ltr'>luaetuierit.</span> <span class='ocrx_word' id='word_1_109' title='bbox 224 1651 343 1706; x_wconf 88' lang='lat' dir='ltr'>Dormire</span> <span class='ocrx_word' id='word_1_110' title='bbox 352 1651 441 1704; x_wconf 89' lang='lat' dir='ltr'>virum</span> <span class='ocrx_word' id='word_1_111' title='bbox 451 1668 537 1721; x_wconf 90' lang='lat' dir='ltr'>quum</span> <span class='ocrx_word' id='word_1_112' title='bbox 548 1657 665 1707; x_wconf 88' lang='lat' dir='ltr'>senserat</span> <span class='ocrx_word' id='word_1_113' title='bbox 674 1667 750 1716; x_wconf 80' lang='lat' dir='ltr'>uxor,</span> 
     </span>
     <span class='ocr_line' id='line_1_20' title="bbox 25 1725 569 1799; baseline 0 -20"><span class='ocrx_word' id='word_1_114' title='bbox 25 1745 79 1781; x_wconf 84' lang='lat' dir='ltr'>rusa</span> <span class='ocrx_word' id='word_1_115' title='bbox 89 1725 209 1781; x_wconf 81' lang='lat' dir='ltr'>Palatino</span> <span class='ocrx_word' id='word_1_116' title='bbox 219 1733 329 1799; x_wconf 80' lang='lat' dir='ltr'>tegetem</span> <span class='ocrx_word' id='word_1_117' title='bbox 339 1725 468 1797; x_wconf 79' lang='lat' dir='ltr'>praeferre</span> <span class='ocrx_word' id='word_1_118' title='bbox 477 1726 569 1790; x_wconf 88' lang='lat' dir='ltr'>cubili,</span> 
     </span>
     <span class='ocr_line' id='line_1_21' title="bbox 26 1801 671 1875; baseline 0.002 -19"><span class='ocrx_word' id='word_1_119' title='bbox 26 1820 122 1857; x_wconf 87' lang='lat' dir='ltr'>umere</span> <span class='ocrx_word' id='word_1_120' title='bbox 133 1809 273 1856; x_wconf 84' lang='lat' dir='ltr'>nocturnos</span> <span class='ocrx_word' id='word_1_121' title='bbox 283 1801 407 1871; x_wconf 82' lang='lat' dir='ltr'>meretrix</span> <span class='ocrx_word' id='word_1_122' title='bbox 417 1802 536 1875; x_wconf 78' lang='lat' dir='ltr'>Augusta</span> <span class='ocrx_word' id='word_1_123' title='bbox 545 1801 671 1867; x_wconf 82' lang='lat' dir='ltr'>cucullos,</span> 
     </span>
     <span class='ocr_line' id='line_1_22' title="bbox 28 1877 624 1951; baseline 0 -20"><span class='ocrx_word' id='word_1_124' title='bbox 28 1877 258 1964; x_wconf 82' lang='lat' dir='ltr'>tnquebatcomite</span> <span class='ocrx_word' id='word_1_125' title='bbox 269 1877 363 1932; x_wconf 86' lang='lat' dir='ltr'>ancilla</span> <span class='ocrx_word' id='word_1_126' title='bbox 375 1895 427 1932; x_wconf 91' lang='lat' dir='ltr'>non</span> <span class='ocrx_word' id='word_1_127' title='bbox 436 1877 552 1949; x_wconf 86' lang='lat' dir='ltr'>amplius</span> <span class='ocrx_word' id='word_1_128' title='bbox 563 1895 624 1941; x_wconf 88' lang='lat' dir='ltr'>una,</span> 
     </span>
     <span class='ocr_line' id='line_1_23' title="bbox 26 1951 820 2040; baseline 0 -32"><span class='ocrx_word' id='word_1_129' title='bbox 26 1955 160 2040; x_wconf 73' lang='lat' dir='ltr'>tnigrum</span> <span class='ocrx_word' id='word_1_130' title='bbox 171 1951 238 2007; x_wconf 85' lang='lat' dir='ltr'>ssavo</span> <span class='ocrx_word' id='word_1_131' title='bbox 247 1969 347 2007; x_wconf 76' lang='lat' dir='ltr'>crinem</span> <span class='ocrx_word' id='word_1_132' title='bbox 358 1953 532 2007; x_wconf 84' lang='lat' dir='ltr'>abscondente</span> <span class='ocrx_word' id='word_1_133' title='bbox 541 1953 637 2027; x_wconf 84' lang='lat' dir='ltr'>galero</span> <span class='ocrx_word' id='word_1_134' title='bbox 781 1965 820 2008; x_wconf 82' lang='grc'>111</span> 
     </span>
     <span class='ocr_line' id='line_1_24' title="bbox 28 2026 581 2099; baseline -0.004 -15"><span class='ocrx_word' id='word_1_135' title='bbox 28 2030 125 2084; x_wconf 88' lang='lat' dir='ltr'>ntravit</span> <span class='ocrx_word' id='word_1_136' title='bbox 134 2026 249 2084; x_wconf 85' lang='lat' dir='ltr'>calidum</span> <span class='ocrx_word' id='word_1_137' title='bbox 261 2028 341 2082; x_wconf 85' lang='lat' dir='ltr'>veteri</span> <span class='ocrx_word' id='word_1_138' title='bbox 350 2037 459 2083; x_wconf 87' lang='lat' dir='ltr'>centone</span> <span class='ocrx_word' id='word_1_139' title='bbox 469 2029 581 2099; x_wconf 84' lang='lat' dir='ltr'>lupanar</span> 
     </span>
     <span class='ocr_line' id='line_1_25' title="bbox 26 2104 764 2176; baseline 0.001 -18.01"><span class='ocrx_word' id='word_1_140' title='bbox 26 2104 146 2160; x_wconf 84' lang='lat' dir='ltr'>tceliam</span> <span class='ocrx_word' id='word_1_141' title='bbox 157 2121 267 2159; x_wconf 84' lang='lat' dir='ltr'>vacuam</span> <span class='ocrx_word' id='word_1_142' title='bbox 279 2111 359 2175; x_wconf 87' lang='lat' dir='ltr'>atque</span> <span class='ocrx_word' id='word_1_143' title='bbox 368 2122 456 2158; x_wconf 84' lang='lat' dir='ltr'>suam.</span> <span class='ocrx_word' id='word_1_144' title='bbox 487 2105 561 2160; x_wconf 87' lang='lat' dir='ltr'>Tunc</span> <span class='ocrx_word' id='word_1_145' title='bbox 574 2105 644 2160; x_wconf 89' lang='lat' dir='ltr'>nuda</span> <span class='ocrx_word' id='word_1_146' title='bbox 658 2105 764 2176; x_wconf 80' lang='lat' dir='ltr'>papillis</span> 
     </span>
     <span class='ocr_line' id='line_1_26' title="bbox 26 2178 628 2255; baseline -0.002 -19"><span class='ocrx_word' id='word_1_147' title='bbox 26 2181 133 2235; x_wconf 77' lang='lat' dir='ltr'>anstitit</span> <span class='ocrx_word' id='word_1_148' title='bbox 141 2180 249 2245; x_wconf 88' lang='lat' dir='ltr'>auratis,</span> <span class='ocrx_word' id='word_1_149' title='bbox 260 2178 368 2235; x_wconf 86' lang='lat' dir='ltr'>titulum</span> <span class='ocrx_word' id='word_1_150' title='bbox 378 2183 485 2235; x_wconf 85' lang='lat' dir='ltr'>mentita</span> <span class='ocrx_word' id='word_1_151' title='bbox 496 2180 628 2255; x_wconf 85' lang='lat' dir='ltr'>Lyciscae,</span> 
     </span>
    </p>

    <p class='ocr_par' dir='ltr' id='par_1_17' title="bbox 26 2256 819 2478">
     <span class='ocr_line' id='line_1_27' title="bbox 26 2256 726 2329; baseline 0 -18"><span class='ocrx_word' id='word_1_152' title='bbox 26 2256 185 2327; x_wconf 81' lang='lat' dir='ltr'>›stenditque</span> <span class='ocrx_word' id='word_1_153' title='bbox 197 2262 284 2318; x_wconf 86' lang='lat' dir='ltr'>tuum,</span> <span class='ocrx_word' id='word_1_154' title='bbox 296 2273 421 2329; x_wconf 81' lang='lat' dir='ltr'>generose</span> <span class='ocrx_word' id='word_1_155' title='bbox 430 2256 586 2320; x_wconf 82' lang='lat' dir='ltr'>Britannice,</span> <span class='ocrx_word' id='word_1_156' title='bbox 600 2265 726 2311; x_wconf 89' lang='lat' dir='ltr'>ventrem.</span> 
     </span>
     <span class='ocr_line' id='line_1_28' title="bbox 26 2330 819 2404; baseline -0.003 -18"><span class='ocrx_word' id='word_1_157' title='bbox 26 2331 127 2403; x_wconf 69' lang='lat' dir='ltr'>Excepit</span> <span class='ocrx_word' id='word_1_158' title='bbox 136 2330 233 2386; x_wconf 81' lang='lat' dir='ltr'>blanda</span> <span class='ocrx_word' id='word_1_159' title='bbox 243 2330 379 2396; x_wconf 76' lang='lat' dir='ltr'>intrantes,</span> <span class='ocrx_word' id='word_1_160' title='bbox 392 2338 470 2404; x_wconf 91' lang='lat' dir='ltr'>atque</span> <span class='ocrx_word' id='word_1_161' title='bbox 481 2349 538 2393; x_wconf 86' lang='lat' dir='ltr'>aera</span> <span class='ocrx_word' id='word_1_162' title='bbox 550 2333 675 2404; x_wconf 82' lang='lat' dir='ltr'>poposcit,</span> <span class='ocrx_word' id='word_1_163' title='bbox 780 2341 819 2384; x_wconf 78' lang='grc'>115</span> 
     </span>
     <span class='ocr_line' id='line_1_29' title="bbox 26 2405 664 2478; baseline 0 -18"><span class='ocrx_word' id='word_1_164' title='bbox 26 2417 42 2460; x_wconf 72' lang='grc' dir='ltr'>ει</span> <span class='ocrx_word' id='word_1_165' title='bbox 52 2407 177 2478; x_wconf 85' lang='lat' dir='ltr'>resupina</span> <span class='ocrx_word' id='word_1_166' title='bbox 187 2407 274 2462; x_wconf 84' lang='lat' dir='ltr'>iaceas</span> <span class='ocrx_word' id='word_1_167' title='bbox 288 2405 432 2462; x_wconf 82' lang='lat' dir='ltr'>multorum</span> <span class='ocrx_word' id='word_1_168' title='bbox 442 2408 578 2462; x_wconf 86' lang='lat' dir='ltr'>absorbuit</span> <span class='ocrx_word' id='word_1_169' title='bbox 588 2410 664 2462; x_wconf 87' lang='lat' dir='ltr'>ictus.</span> 
     </span>
    </p>

    <p class='ocr_par' dir='ltr' id='par_1_18' title="bbox 26 2481 606 2554">
     <span class='ocr_line' id='line_1_30' title="bbox 26 2481 606 2554; baseline -0.003 -17"><span class='ocrx_word' id='word_1_170' title='bbox 26 2485 88 2548; x_wconf 72' lang='lat' dir='ltr'>tion,</span> <span class='ocrx_word' id='word_1_171' title='bbox 101 2482 194 2538; x_wconf 82' lang='lat' dir='ltr'>lenone</span> <span class='ocrx_word' id='word_1_172' title='bbox 203 2499 266 2537; x_wconf 88' lang='lat' dir='ltr'>suas</span> <span class='ocrx_word' id='word_1_173' title='bbox 279 2481 332 2536; x_wconf 89' lang='lat' dir='ltr'>iam</span> <span class='ocrx_word' id='word_1_174' title='bbox 342 2482 487 2538; x_wconf 84' lang='lat' dir='ltr'>dimittente</span> <span class='ocrx_word' id='word_1_175' title='bbox 496 2482 606 2554; x_wconf 83' lang='lat' dir='ltr'>puellas,</span> 
     </span>
    </p>

    <p class='ocr_par' dir='ltr' id='par_1_19' title="bbox 26 2555 747 2707">
     <span class='ocr_line' id='line_1_31' title="bbox 26 2555 747 2629; baseline 0.003 -20"><span class='ocrx_word' id='word_1_176' title='bbox 26 2559 101 2615; x_wconf 71' lang='lat' dir='ltr'>rutis</span> <span class='ocrx_word' id='word_1_177' title='bbox 110 2559 179 2625; x_wconf 81' lang='lat' dir='ltr'>abit3</span> <span class='ocrx_word' id='word_1_178' title='bbox 201 2557 257 2621; x_wconf 80' lang='lat' dir='ltr'>sed,</span> <span class='ocrx_word' id='word_1_179' title='bbox 270 2559 342 2629; x_wconf 92' lang='lat' dir='ltr'>quod</span> <span class='ocrx_word' id='word_1_180' title='bbox 351 2558 444 2629; x_wconf 83' lang='lat' dir='ltr'>potuit,</span> <span class='ocrx_word' id='word_1_181' title='bbox 457 2565 544 2611; x_wconf 73' lang='lat' dir='ltr'>umen</span> <span class='ocrx_word' id='word_1_182' title='bbox 554 2555 646 2611; x_wconf 85' lang='lat' dir='ltr'>ultima</span> <span class='ocrx_word' id='word_1_183' title='bbox 655 2556 747 2611; x_wconf 85' lang='lat' dir='ltr'>cellam</span> 
     </span>
     <span class='ocr_line' id='line_1_32' title="bbox 26 2631 683 2707; baseline -0.002 -19"><span class='ocrx_word' id='word_1_184' title='bbox 26 2634 121 2698; x_wconf 68' lang='lat' dir='ltr'>:tatuit</span> <span class='ocrx_word' id='word_1_185' title='bbox 134 2633 222 2689; x_wconf 89' lang='lat' dir='ltr'>adhuc</span> <span class='ocrx_word' id='word_1_186' title='bbox 230 2633 325 2689; x_wconf 86' lang='lat' dir='ltr'>ardens</span> <span class='ocrx_word' id='word_1_187' title='bbox 334 2632 434 2707; x_wconf 81' lang='lat' dir='ltr'>rigidae</span> <span class='ocrx_word' id='word_1_188' title='bbox 443 2632 569 2706; x_wconf 84' lang='lat' dir='ltr'>tentigine</span> <span class='ocrx_word' id='word_1_189' title='bbox 578 2631 683 2697; x_wconf 84' lang='lat' dir='ltr'>vulvae,</span> 
     </span>
    </p>

    <p class='ocr_par' dir='ltr' id='par_1_20' title="bbox 26 2708 819 2858">
     <span class='ocr_line' id='line_1_33' title="bbox 26 2708 819 2777; baseline -0.005 -14"><span class='ocrx_word' id='word_1_190' title='bbox 26 2719 43 2763; x_wconf 65' lang='lat' dir='ltr'>at</span> <span class='ocrx_word' id='word_1_191' title='bbox 53 2710 147 2766; x_wconf 85' lang='lat' dir='ltr'>lassata</span> <span class='ocrx_word' id='word_1_192' title='bbox 157 2710 222 2764; x_wconf 84' lang='lat' dir='ltr'>viris</span> <span class='ocrx_word' id='word_1_193' title='bbox 233 2708 345 2764; x_wconf 80' lang='lat' dir='ltr'>necdum</span> <span class='ocrx_word' id='word_1_194' title='bbox 355 2710 446 2764; x_wconf 83' lang='lat' dir='ltr'>satiata</span> <span class='ocrx_word' id='word_1_195' title='bbox 458 2708 579 2777; x_wconf 70' lang='lat' dir='ltr'>recessit,</span> <span class='ocrx_word' id='word_1_196' title='bbox 780 2719 819 2760; x_wconf 81' lang='grc'>131</span> 
     </span>
     <span class='ocr_line' id='line_1_34' title="bbox 26 2782 649 2858; baseline -0.005 -19"><span class='ocrx_word' id='word_1_197' title='bbox 26 2785 191 2858; x_wconf 69' lang='grc' dir='ltr'>ιιιεειιιίιῳιο</span> <span class='ocrx_word' id='word_1_198' title='bbox 199 2786 276 2858; x_wconf 81' lang='lat' dir='ltr'>genis</span> <span class='ocrx_word' id='word_1_199' title='bbox 285 2785 379 2857; x_wconf 84' lang='lat' dir='ltr'>turpia,</span> <span class='ocrx_word' id='word_1_200' title='bbox 392 2783 519 2854; x_wconf 80' lang='lat' dir='ltr'>fumoque</span> <span class='ocrx_word' id='word_1_201' title='bbox 529 2782 649 2837; x_wconf 79' lang='lat' dir='ltr'>lucernae</span> 
     </span>
    </p>
   </div>
   <div class='ocr_carea' id='block_1_3' title="bbox 604 2875 653 2931">
    <p class='ocr_par' dir='ltr' id='par_1_21' title="bbox 604 2875 653 2931">
     <span class='ocr_line' id='line_1_35' title="bbox 604 2875 653 2931; baseline 0.041 -2"><span class='ocrx_word' id='word_1_202' title='bbox 604 2875 653 2931; x_wconf 63' lang='lat' dir='ltr'>Et</span> 
     </span>
    </p>
   </div>
   <div class='ocr_carea' id='block_1_4' title="bbox 0 0 1040 3332">
    <p class='ocr_par' dir='ltr' id='par_1_22' title="bbox 0 0 1040 3332">
     <span class='ocr_line' id='line_1_36' title="bbox 0 0 1040 3332; baseline 0 7"><span class='ocrx_word' id='word_1_203' title='bbox 0 0 1040 3332; x_wconf 95' lang='lat' dir='ltr'> </span> 
     </span>
    </p>
   </div>
  </div>
 </body>
</html>
