2028 3224
264 254 311 307 l00
536 256 745 306 IUVENALIS

260 360 284 414 si
297 358 384 413 lentus
394 359 470 431 pigra
480 359 595 413 muniret
604 367 688 414 castra
698 358 816 416 dolabra.

260 434 308 489 Hic
318 442 406 489 tamen
417 442 443 489 et
453 434 574 491 Cimbros
584 442 609 490 et
618 453 724 490 summa
735 436 855 507 pericula
865 454 957 491 rerum

205 521 245 565 250
260 510 365 582 excipit,
377 518 403 564 et
413 509 485 566 solus
494 510 668 582 trepidantem
679 512 792 585 protegit
802 513 912 567 Urbem.

260 588 348 659 Atque
358 585 424 652 ideo,
437 594 578 658 postquam
589 585 622 640 ad
632 586 754 642 Cimbros
763 588 982 660 stragemquevol

667 662 740 729 baut,

260 738 308 808 qui
319 755 467 808 numquam
478 734 625 810 adtigerant
634 737 734 793 maiora
742 738 882 803 cadavera,
894 739 975 805 corvi,

262 812 359 867 nobilis
368 820 477 868 ornatur
488 811 562 867 lauro
571 812 670 886 collega
681 813 807 868 secunda.

261 888 379 944 Plebeiae
389 889 527 943 Deciorum
540 889 653 953 animae,
665 889 767 961 plebeia
781 888 894 945 fuerunt

206 974 245 1017 255
261 964 382 1018 nomina:
404 982 452 1036 pro
461 965 522 1018 totis
534 963 683 1038 legionibus
693 965 720 1019 bi
731 973 817 1019 tamen
829 974 855 1019 et
868 983 921 1038 pro
997 978 998 1023 l

260 1040 387 1094 omnibus
397 1039 504 1094 auxiliis
515 1048 594 1111 atque
604 1041 677 1095 omni
687 1041 758 1111 pube
767 1041 861 1096 Latina

260 1113 397 1169 sufficiunt
406 1115 448 1169 dls
461 1114 572 1169 infernis
583 1117 729 1188 Terraeque
739 1116 856 1189 parenti:
997 1152 998 1187 q

263 1189 347 1261 pluris
357 1190 429 1245 enim
440 1190 519 1255 Decii,
532 1209 614 1263 quarn
624 1193 671 1264 qui
682 1199 821 1248 servantur
831 1193 866 1247 ab
878 1194 947 1250 illis.

261 1265 364 1320 Ancilla
374 1273 451 1320 natus
462 1267 578 1322 trabeam
587 1276 612 1322 et
620 1268 741 1323 diadema
750 1267 858 1335 Quirini

207 1351 246 1395 ato
261 1348 287 1396 et
298 1340 380 1397 fasces
391 1343 497 1408 meruit,
509 1360 602 1416 regum
614 1336 726 1398 ultimus
736 1343 780 1398 ille
788 1343 937 1401 bonorum.

263 1417 366 1473 Prodita
377 1418 503 1473 laxabant
512 1427 647 1490 portarum
658 1419 772 1474 claustra
782 1423 908 1493 tyrannis
997 1428 998 1483 l

262 1494 403 1549 exsulibus
416 1497 526 1549 iuvenes
542 1495 627 1566 ipsius
637 1494 770 1560 Consulis,
784 1501 809 1548 et
818 1486 906 1566 quos'

233 1563 238 1573 ’
264 1587 392 1642 magnum
402 1569 506 1641 aliquid
517 1570 599 1624 dubia
610 1588 657 1641 pro
668 1570 785 1625 libertate
794 1570 908 1637 deceret,
975 1618 998 1639 ,q

263 1645 336 1716 quod
347 1645 486 1699 miraretur
495 1662 556 1698 cum
567 1645 663 1700 Coclite
671 1647 786 1710 Mucius,
797 1653 905 1717 atquae

208 1730 247 1774 255
264 1720 367 1790 imperii
382 1720 447 1773 fines
458 1719 613 1773 Tiberinum
624 1720 699 1794 virgo
710 1721 818 1776 natavit.
997 1744 998 1795 q

264 1793 369 1850 Occulta
381 1794 413 1848 ad
424 1796 512 1848 Patres
522 1795 648 1866 produxit
657 1797 769 1851 crimina
778 1814 873 1851 servus
997 1844 998 1853 ,

264 1872 390 1926 matronis
401 1869 548 1944 lugendus:
570 1880 596 1925 at
605 1870 665 1926 illos
675 1873 783 1926 verbera
794 1872 871 1927 iustis
997 1874 998 1941 l

264 1945 382 2000 alliciunt
393 1945 480 2019 legum
491 1947 592 2017 poenis,
605 1956 630 2002 et
640 1948 725 2019 prima
736 1947 846 2002 securis.
997 1950 998 2029 l

300 2021 369 2076 Malo
378 2030 451 2093 pater
463 2023 511 2077 tibi
521 2023 556 2077 sit
568 2023 709 2084 Thersites.
722 2022 868 2077 dummodo
878 2030 908 2077 tu
918 2022 956 2077 sis
997 2034 998 2121 q

208 2107 248 2150 tto
264 2097 389 2151 Aeacidae
398 2097 505 2163 similis,
517 2099 699 2171 Vulcaniaque
708 2116 781 2153 arma
790 2115 924 2169 capessant,
997 2124 998 2159 r

264 2173 651 2244 quamteTbersitaesimilem
663 2171 926 2245 producatAcbilles.
997 2172 998 2231 l

263 2248 298 2303 Et
308 2255 404 2309 tamen,
418 2256 447 2302 ut
458 2247 535 2322 longe
545 2257 645 2320 repetas
656 2249 786 2322 longeque
796 2247 919 2303 revolvas
997 2244 998 2307 l

265 2341 372 2388 nomeu,
386 2323 420 2377 ab
431 2322 523 2378 infami
534 2332 639 2396 gentem
649 2324 758 2379 deducis
768 2322 852 2397 asylo.
997 2318 998 2333 ¹

265 2398 396 2453 Maiorum
406 2399 510 2469 primus
520 2398 644 2470 quisquis
654 2399 704 2453 luit
716 2399 759 2453 ille
769 2408 886 2464 tuorum,
997 2420 998 2491 q

210 2483 250 2527 275
264 2480 310 2528 aut
319 2479 408 2545 pastor
417 2471 476 2538 luit,
488 2481 532 2527 aut
543 2472 626 2539 aliud,
637 2474 710 2546 quod
719 2475 805 2530 dicere
813 2473 884 2530 nolo.
