2072 3332
298 250 444 298 ananan
461 250 508 299 m:
744 246 774 303 u

10 350 103 419 alter3
126 356 153 404 at
162 350 207 404 hie
216 350 321 424 tignum
332 352 410 424 capiti
420 352 521 416 incutit,
533 352 578 407 ille
589 360 734 410 metretam.

10 426 139 499 Piuffiia
150 442 227 480 crura
240 427 307 492 tuto3
330 426 418 498 planta
430 446 494 482 mox
504 428 624 500 undique
634 447 729 503 magna

10 501 119 565 ealeor,
131 507 158 555 et
166 501 195 555 in
205 501 289 575 digito
298 502 390 557 clavus
403 503 469 558 mihi
480 503 574 557 militis
584 504 682 559 haeret.

51 579 159 631 Nonne
168 576 254 641 vides,
267 586 368 649 quanto
376 577 523 633 eelebretur
531 580 649 650 sportula
659 579 751 635 fumo?

10 654 141 708 Centum
153 652 294 707 eonvivao:
315 654 744 727 sequitursuaquemqueculina.
793 667 833 710 tto

10 725 142 783 Corbulo
152 727 199 783 vix
209 726 286 782 ferrat
295 735 331 782 tot
341 746 404 783 vasa
414 730 541 803 ingentia,
551 737 588 784 tot
598 747 640 785 res

11 803 165 875 impositas
175 802 264 872 capiti,
276 820 344 875 quas
354 812 424 859 recto
437 805 533 860 vertice
542 813 629 877 portat

10 877 151 932 servulus
161 876 263 942 infelix,
275 886 301 932 et
309 896 390 934 mrsu
401 879 510 935 ventilat
520 881 617 954 ignem.

10 953 303 1008 Scindunturtunioae
313 961 413 1009 sartae:
435 956 513 1009 ruodo
523 956 599 1029 longa
610 965 738 1021 eoruseat,

10 1047 130 1084 serraco
139 1028 269 1094 veniente,
281 1029 363 1095 abies,
374 1038 454 1102 atque
464 1031 543 1085 altera
553 1032 648 1102 pinum
793 1040 833 1086 255

11 1104 144 1177 plaustra
154 1103 265 1168 vehunt,
279 1104 448 1159 nutantaltae
457 1105 609 1178 populoque
619 1107 765 1161 minantur.

12 1183 88 1235 Nam
105 1180 130 1233 si
141 1178 291 1250 procubuit,
303 1180 350 1251 qui
361 1198 425 1236 saxa
435 1180 568 1254 Ligustica
582 1189 676 1253 portat,

13 1257 87 1317 axis,
103 1263 130 1309 et
140 1271 264 1308 eversum
275 1253 343 1328 fugit
351 1272 431 1327 super
441 1258 548 1329 agmina
557 1266 685 1320 montem,

15 1332 88 1403 quid
94 1330 499 1403 superestdeeorporibusiquis
505 1333 633 1397 membra,
642 1334 768 1403 quisossa

16 1406 145 1461 invenit?
162 1404 297 1460 Obtritum
308 1405 381 1479 vulgi
392 1406 459 1477 perit
467 1424 546 1461 omne
554 1408 666 1461 cadaver
792 1418 832 1461 26⁰

16 1499 95 1536 more
105 1482 223 1536 animae.
256 1481 356 1535 minus
366 1481 463 1536 interea
474 1499 565 1536 secura
576 1481 684 1554 patellas

19 1558 74 1612 iam
90 1557 165 1611 lavat
176 1564 202 1610 et
210 1555 293 1610 bucca
303 1555 419 1611 loculum
432 1559 535 1622 excitat,
548 1565 573 1612 et
585 1565 661 1612 sonat
670 1557 757 1615 unctis

17 1632 165 1706 striglibus
175 1638 201 1685 et
210 1630 288 1702 pleno
297 1632 432 1703 componit
442 1633 521 1688 lintea
533 1640 618 1707 gutta.

18 1709 88 1762 liaeo
98 1709 170 1762 inter
184 1722 278 1778 pueros
287 1707 360 1761 varie
369 1716 557 1779 properantur:
579 1708 659 1763 atille

19 1783 71 1837 iam
84 1783 161 1838 sedet
172 1782 199 1836 in
210 1781 266 1854 ripa
276 1789 426 1855 tetrumque
437 1784 557 1839 novicius
569 1784 658 1839 horret
792 1795 831 1838 ltt

20 1860 172 1928 porthmea,
186 1874 233 1911 nec
241 1865 327 1929 sperat
335 1859 439 1913 ooenosi
448 1860 564 1932 gurgitis
572 1859 664 1915 alnum

22 1933 128 1999 infelix,
143 1933 291 1998 nechabet,
303 1950 384 2005 quein
395 1935 520 2008 porrigat
531 1953 576 1990 ore
587 1936 716 1990 trientem.

57 2010 173 2082 Respiee
183 2025 255 2063 nuno
262 2007 314 2063 alia
323 2026 354 2064 ac
362 2008 465 2064 diversa
476 2010 592 2082 pericula
602 2012 699 2065 noetis:

20 2086 92 2155 quod
104 2084 223 2157 spatium
236 2084 310 2140 tectis
320 2084 493 2150 sublimibus,
506 2086 577 2141 uude
586 2087 723 2141 oerebrum

23 2167 86 2214 testa
100 2160 176 2226 ierit;
197 2160 301 2232 quoties
311 2162 408 2214 rimosa
417 2168 444 2215 et
452 2169 525 2216 curta
536 2161 655 2217 fenestris
789 2171 830 2215 ato

24 2236 84 2289 vasa
97 2236 209 2302 cadant,
230 2243 330 2306 quanto
340 2252 495 2308 percussum
507 2237 621 2310 pondere
630 2239 737 2311 signent

24 2318 48 2361 et
60 2310 167 2366 laedant
179 2309 292 2365 silicem.
322 2312 410 2366 Possis
420 2313 534 2385 ignavus
545 2313 635 2368 haberi

24 2392 48 2437 et
57 2386 141 2442 subiti
151 2403 230 2441 casus
243 2386 419 2457 improvidus,
434 2387 467 2441 ad
476 2405 584 2443 ooenam
595 2388 620 2443 si

26 2459 163 2516 intestatus
173 2478 228 2516 eas.
259 2461 331 2516 Adeo
340 2468 377 2516 tot
388 2460 447 2525 fata,
459 2471 525 2535 quot
536 2464 579 2519 illa

29 2545 98 2591 noete
110 2544 201 2609 patent
211 2536 315 2612 vigiles,
328 2545 354 2591 te
366 2544 553 2609 praetereunte,
567 2537 699 2592 fenestrae.
789 2550 829 2596 att

27 2608 93 2684 Ergo
102 2621 177 2684 optes
188 2618 334 2684 votumque
346 2610 414 2667 feras
424 2612 574 2668 miserabile
583 2621 680 2679 tecum

30 2688 114 2743 utsint
123 2694 260 2743 mntentae
269 2687 374 2759 patulas
382 2686 526 2744 defundere
535 2688 635 2760 pelves.

61 2761 160 2819 Ebrius
168 2779 200 2819 as
206 2762 338 2835 petulans,
349 2763 397 2835 qui
408 2763 513 2820 nullum
524 2764 589 2820 forte
597 2764 698 2829 oeeidit‚

616 2858 664 2913 D2
