2072 3332
279 302 427 351 senne
445 301 491 352 vt.
512 352 518 362 ,
722 297 756 353 'tn

22 422 86 459 rem
102 404 176 460 dedit
189 404 254 459 heeo
268 404 420 475 posuitque,
437 404 561 468 modum,
577 412 673 470 tamen,
691 406 756 460 utile

432 479 477 533 uid
487 480 529 542 sit,

21 553 170 625 *ospiciunt
180 553 323 625 aliquando
333 554 392 618 riri,
404 497 543 627 iiigusque
552 552 702 625 famemque
770 567 808 610 eto

21 630 113 683 rmioa
124 629 232 684 tandem
240 628 351 700 quidam
362 646 490 703 expavere
503 630 638 702 magistre.

21 705 116 776 ·odige
127 721 183 759 noo
192 704 273 758 sentit
287 715 439 776 peroimtem
453 703 551 758 lemine
560 721 685 769 censum,

21 803 35 840 ι,
51 780 129 834 velut
138 779 267 833 exhausta
277 779 413 833 redivivus
423 778 535 850 pullulet
544 797 602 834 area

21 872 115 919 >rmus,
126 861 153 909 et
162 871 177 908 e
185 854 263 926 pleno
272 870 375 925 semper
386 854 490 909 tolletur
499 872 599 912 aoerro.

21 948 55 984 iri
67 946 202 1001 umquam
212 937 322 1000 reputat,
334 930 427 1000 quenti
437 930 489 983 sibi
499 930 596 1002 gaudia
604 938 731 987 oonstent.
768 944 807 987 3⁶5

36 1006 119 1068 Sunt,
132 1021 201 1076 ques
211 1004 325 1058 eunuchi
340 1003 458 1059 imbelles
469 1021 499 1059 ao
508 1004 598 1059 mollie
607 1022 712 1079 semper

20 1080 94 1134 scula
104 1080 241 1141 delectent,
254 1087 280 1133 et
288 1079 434 1151 desperatio
442 1080 546 1145 barbae,

20 1154 442 1228 *quodebortivononestopus
470 1155 517 1210 llla
527 1156 648 1229 voluptas
707 1184 710 1188 ·

20 1248 111 1285 imma
121 1240 220 1296 temen,
231 1230 366 1302 quodiam
374 1230 459 1285 calide
467 1239 493 1286 et
501 1241 604 1286 matura
613 1233 718 1289 iuventa

20 1308 115 1379 iguino
125 1305 267 1360 traduntur
278 1306 395 1370 medicis,
407 1305 460 1361 iam
471 1308 572 1377 pectine
584 1308 670 1381 nigro.
767 1320 806 1363 eto

21 1399 73 1456 rgo
82 1381 380 1453 exspectotoeeoiussos
388 1398 502 1436 oresoere
510 1382 629 1453 primum

20 1457 148 1519 stioulos,
161 1462 300 1528 postquem
310 1464 451 1528 eoeperunt
459 1474 518 1511 esse
527 1455 645 1522 bilibres,

19 1532 118 1588 inseris
129 1531 228 1587 darum
239 1539 341 1586 tantum
351 1532 419 1604 rapit
430 1531 594 1587 Heliodorus.

19 1608 172 1680 onspiouus
183 1606 259 1680 longe
269 1608 423 1680 cunctisque
432 1607 554 1663 notabilis
564 1607 643 1665 intrat

19 1683 108 1748 alnea,
122 1700 170 1737 neo
178 1682 259 1737 dubie
267 1683 401 1737 custodem
410 1683 473 1740 ritis
481 1691 507 1738 et
518 1683 586 1738 horti
765 1696 804 1740 oto

19 1764 138 1823 rovooet,
150 1776 164 1812 a
174 1757 280 1813 domina
293 1757 377 1813 lectus
386 1757 477 1830 spado.
509 1759 626 1814 Dormiat
635 1758 679 1814 ille

19 1853 64 1889 nm
73 1831 197 1889 domina:
218 1832 266 1887 sed
275 1841 304 1888 tu
317 1834 369 1888 iem
382 1833 490 1899 durum,
502 1835 633 1901 Postume,
647 1836 753 1908 iamque

19 1908 169 1964 ›ndendum
178 1908 301 1964 eunucho
309 1909 444 1964 Bromium
454 1910 616 1965 oommittere
628 1910 691 1967 noli.

41 1985 70 2040 Si
81 1984 180 2058 gaudet
189 1990 281 2039 oentu:
303 1983 404 2039 nullius
414 1984 496 2039 fibula
504 1985 582 2040 durat

21 2078 97 2115 ooem
109 2059 246 2117 vendentis
256 2059 433 2131 praetoribus:
454 2077 664 2135 organasemper
765 2072 804 2116 eso

19 2156 31 2190 n
43 2135 182 2191 manibus:
204 2134 278 2190 densi
289 2134 392 2190 radiant
400 2136 531 2191 testudine
538 2142 591 2192 tota

19 2211 197 2285 ardonyches:
217 2210 304 2282 crispo
313 2219 484 2266 numerantur
493 2213 594 2283 pectine
602 2212 723 2279 chordae,

19 2285 493 2359 [notenerlledymelesoperasdedin
509 2287 750 2354 hunotenet‚hoose

19 2362 114 2426 olatur,
126 2369 253 2436 gratoque
261 2361 381 2435 indulget
391 2362 462 2417 basia
472 2361 578 2434 plootro.

19 2437 142 2503 luaedam
152 2436 185 2492 de
195 2453 305 2491 numero
314 2436 465 2492 Lamiarum
474 2456 503 2492 eo
515 2438 632 2493 nominis
642 2436 686 2491 elti
765 2447 803 2491 tte

19 2530 69 2567 :um
79 2511 146 2567 larre
157 2519 182 2567 et
193 2513 256 2568 rino
265 2512 359 2567 lenum
369 2513 528 2585 Vestamque
537 2512 653 2586 rogabat,

19 2607 41 2642 in
52 2586 225 2660 Capitolinam
235 2586 339 2643 deberet
347 2587 430 2644 Pollio
439 2605 567 2661 quermm

19 2669 143 2734 iperereet
154 2662 253 2717 fidibus
262 2662 420 2735 promittere.
450 2662 521 2730 Quid
531 2661 623 2717 feneret
632 2660 693 2733 plue
757 2706 762 2717 .

19 2746 156 2812 egrotante
164 2737 240 2794 viro?
258 2738 367 2794 mediois
376 2737 641 2812 quidtrietibueerge

19 2812 140 2871 iliolum‘l
157 2812 233 2869 Stetit
240 2821 301 2870 ente
310 2823 392 2882 eram,
404 2828 452 2869 neo
460 2820 537 2886 turpe
544 2812 646 2887 putavit
764 2819 804 2863 eto
