2028 3224
285 267 334 319 aaa
576 271 789 319 ruvuunurs
991 238 993 329 l

283 381 308 426 et
318 372 436 427 Cererem
446 369 518 444 (nam
528 388 582 443 quo
594 390 645 427 nnn
656 380 754 444 prostat
763 372 867 429 lamina
878 332 994 479 templnl

228 460 254 503 25
283 449 367 503 notior
377 448 483 503 Aufidio
492 447 617 502 moechus
627 448 757 503 celebrare
766 449 886 515 solebas,

283 524 409 595 quodque
421 533 500 588 taces,
511 523 583 595 ipsos
593 524 671 578 etiarn
680 523 807 579 inclinare
817 527 946 581 maritos.
993 516 994 527 ¹

283 602 367 656 Naar.
387 598 455 654 Utile
465 597 548 654 etheo
559 599 650 654 multis
660 597 838 728 vitapganus:
863 609 891 655 at
902 601 994 655 mihin

721 692 768 730 um

284 749 347 804 inde
358 766 451 821 operae
464 749 589 821 pretium.
621 749 738 822 Pingues
753 749 923 822 aliquandol

284 825 448 879 munimenta
458 831 542 897 togaea
554 823 760 897 durierassique
769 825 877 892 eoloris,
924 769 995 945 ml

230 911 256 954 30
284 908 309 955 et
321 899 391 954 male
399 918 538 971 percussas
548 900 653 955 textoris
662 901 764 970 pectina
774 900 846 956 Galli

284 977 438 1048 accipimus,
450 983 528 1030 tenue
538 982 676 1048 argentum
687 994 822 1049 venaeque
832 976 977 1031 secundae.
994 970 995 977 ’

284 1052 347 1106 Fata
359 1058 454 1125 regunt
461 1050 598 1106 homines:
620 1050 702 1105 latum
713 1060 752 1106 est
761 1060 787 1106 et
795 1051 922 1123 partibus
934 1051 989 1113 illis,

285 1144 353 1198 quas
363 1126 438 1180 ainus
449 1125 595 1180 abscondit.
629 1126 695 1181 Nam
707 1127 729 1180 si
741 1127 789 1181 tibi
799 1126 888 1182 sidera
901 1136 995 1182 cessant

285 1202 322 1256 nil
334 1200 408 1255 laciet
418 1200 489 1275 longi
503 1218 627 1257 mensura
636 1201 769 1290 incognita
783 1202 869 1267 nervi,

231 1288 255 1331 35
284 1276 559 1349 quamvistenudum
569 1285 705 1349 spumanti
715 1278 792 1334 Virro
804 1276 902 1333 labello

285 1351 388 1418 viderit,
401 1360 426 1408 et
435 1352 548 1409 blandae
558 1353 664 1408 assidue
673 1352 824 1425 densaeque
834 1352 948 1409 tabellae
995 1348 996 1353 '

284 1429 436 1485 sollicitent:
459 1428 540 1493 adada
551 1428 606 1516 peip
619 1430 754 1501 ἐφέλκεται
763 1427 850 1504 ἄνδρα
862 1428 984 1491 κίναιδος.

285 1504 361 1571 Quod
375 1513 462 1561 tamen
480 1504 592 1560 ulterius
607 1511 863 1577 nonnumquam
874 1502 964 1558 mollis
973 1520 996 1557 ar

690 1577 755 1635 rusi

285 1654 371 1711 »Haec
381 1655 470 1719 tribui,
482 1654 577 1711 deinde
588 1654 632 1710 illa
641 1654 711 1720 dedi,
724 1672 787 1710 mox
796 1653 874 1727 plura
887 1653 994 1717 tulisti«,

231 1738 257 1785 to
286 1737 427 1803 computat,
439 1737 557 1785 accerst.
586 1730 833 1796 Ponaturcalculus,
845 1731 935 1787 adsint

286 1825 347 1861 cum
358 1805 448 1861 tabula
458 1805 547 1877 pueri:
568 1824 679 1861 numera
689 1806 804 1861 sestertia
815 1807 938 1878 quinqua

286 1882 412 1938 omnibus
423 1881 450 1936 in
459 1881 553 1950 rebus3
575 1889 748 1937 numerentur
757 1881 851 1936 deinde
862 1881 972 1938 labores.

287 1960 327 2013 An
338 1956 412 2014 lacile
420 1965 446 2012 et
455 1974 569 2030 pronum
580 1964 628 2022 eat,
643 1975 719 2032 agera
730 1957 796 2012 intra
807 1958 905 2012 viscere
916 1975 997 2029 penen

288 2034 444 2108 legitimum,
456 2041 535 2106 atque
544 2033 599 2089 illie
608 2033 885 2089 beaterneenecurrere
894 2032 997 2090 coenae?

233 2119 258 2165 t5
286 2109 384 2164 Servus
394 2109 442 2164 erit
452 2110 542 2165 minus
552 2109 597 2164 ille
605 2108 694 2175 miser,
706 2109 753 2180 qui
764 2107 855 2162 foderit
864 2126 967 2183 agrum,

287 2202 367 2256 quarn
379 2184 528 2239 dominum.
549 2184 601 2240 Sed
611 2192 642 2240 tu
654 2203 717 2240 sane
726 2192 846 2238 tenerum
856 2191 881 2238 et
889 2201 993 2255 puerum

287 2267 312 2313 et
321 2259 443 2330 pulcrum
456 2265 482 2312 at
490 2259 602 2331 dignum
616 2262 711 2334 cyatho
720 2259 843 2330 caeloque
854 2261 968 2329 putabas.

288 2337 340 2391 Vos
350 2332 447 2389 humili
460 2332 585 2397 adseclae,
597 2352 644 2389 vos
654 2334 826 2407 indulgebitis
835 2352 960 2407 umquam

287 2409 390 2475 cultori,
403 2411 454 2463 iam
469 2426 517 2463 nec
527 2409 618 2463 morbo
627 2408 724 2465 donare
734 2408 834 2482 parati?

237 2497 261 2538 aa
289 2488 341 2549 En,
353 2486 397 2539 cui
408 2492 438 2539 tu
448 2482 561 2538 viridem
572 2483 726 2550 umbellam,
737 2486 780 2539 cni
791 2484 893 2538 succina
905 2485 986 2540 mittas

287 2558 409 2631 grandia,
423 2558 517 2614 natalis
528 2558 631 2629 quoties
643 2559 716 2623 redit,
730 2567 775 2613 aut
786 2559 917 2614 madidum
929 2579 972 2616 ver

289 2633 390 2701 incipit,
401 2641 426 2685 et
438 2639 516 2686 strata
526 2631 628 2702 positus
638 2631 769 2705 longaque
778 2633 896 2687 cathedra

290 2721 401 2758 munera
412 2704 533 2759 lamineis
542 2711 633 2759 tractat
642 2715 740 2761 secreta
750 2707 880 2762 Calendis.

289 2776 346 2843 Dic,
358 2793 457 2849 passer,
468 2778 559 2834 euitat
567 2786 679 2846 montes,
687 2792 724 2839 tot
733 2781 841 2856 praedia
850 2799 932 2838 serras
