2072 3332
264 305 411 352 surm
427 307 472 352 m.
701 304 737 358 ’Ᾰῦ

9 409 23 463 il
34 408 85 464 tibi
96 426 125 463 se
134 407 322 478 debereputat,
338 407 376 461 nil
389 406 503 462 oonleret
512 424 653 481 umquam,

9 483 137 556 uticipem
148 484 197 555 qrri
208 491 233 538 te
242 484 333 537 secreti
344 481 404 537 lecit
412 483 523 538 bonesti.

9 577 66 614 irus
80 560 131 614 erit
140 559 227 623 Verri,
238 559 285 629 qui
296 560 403 612 Verrem
414 565 539 630 tempore,
552 576 607 630 quo
616 559 682 625 vult,

9 652 107 704 cursare
116 641 213 706 potest.
244 634 319 688 Tanti
331 633 378 687 tibi
390 652 443 688 non
452 635 571 705 sitnpaei

9 711 70 765 nnis
81 727 162 764 arena
173 709 238 782 Tagi
251 709 378 781 quodque
387 709 414 764 in
426 727 500 763 mare
509 709 624 764 volvitur
634 729 740 777 aurum,
765 726 790 765 ss

9 803 117 841 ¹somno
127 802 227 850 careas,
239 785 414 857 ponendaque
422 785 540 856 praemia
549 803 641 839 sumas

8 863 74 925 istis,
87 868 113 915 et
123 879 140 915 a
150 876 248 933 magno
257 877 361 931 semper
371 861 487 914 timearis
497 860 591 915 amico.

19 937 94 1002 Quae
105 952 179 990 nunc
189 934 318 990 divitibus
326 953 393 1008 gens
405 936 585 1008 aoeeptissima
595 938 693 991 nostris

17 1030 86 1084 quos
99 1011 241 1083 praecipue
250 1009 362 1084 ingiam,
373 1011 518 1082 properabo
527 1010 610 1075 latori,

9 1106 30 1142 ec
41 1087 130 1159 pudor
139 1087 263 1140 obstabit.
293 1087 351 1140 Non
363 1103 471 1157 possum
480 1086 556 1150 serre,
571 1086 696 1152 Quirites,
766 1100 790 1139 un

9 1181 110 1218 rueram
124 1161 226 1216 urbem.
237 1160 366 1228 Quamvis
376 1170 455 1233 quota
466 1163 551 1232 portio
561 1161 760 1216 saecisrlebaei?

9 1258 34 1292 m
47 1237 153 1310 pridem
164 1236 249 1310 Syrus
260 1236 288 1291 in
302 1237 418 1292 Tiberim
428 1237 539 1291 defluxit
548 1237 668 1303 Orontes,

18 1314 140 1388 linguam
150 1319 176 1367 et
185 1329 281 1376 mores,
293 1319 318 1366 et
327 1329 389 1366 cum
399 1313 507 1367 tibicine
516 1312 627 1367 chordas

9 1389 119 1461 iliquas,
132 1405 180 1442 nec
189 1405 241 1442 non
252 1387 360 1462 gentilia
370 1396 506 1462 tympana,
517 1405 607 1447 secun}

9 1465 65 1530 urit,
77 1472 104 1519 et
114 1463 149 1518 ad
159 1463 265 1518 Circum
275 1465 363 1517 iussas
374 1471 490 1534 prostare
500 1463 609 1534 puellas.
767 1474 792 1516 ts

9 1558 29 1605 e,
42 1540 147 1612 quibus
156 1547 229 1612 grata
242 1546 281 1594 est
290 1540 357 1611 picta
372 1539 435 1610 lupa
444 1540 554 1594 barbara
567 1539 652 1593 mitra.

10 1617 110 1671 ustinus
122 1613 166 1669 ille
176 1622 239 1669 tuus
249 1614 332 1669 sumit
342 1614 518 1687 trechedipna,
530 1615 649 1681 Quirine,

9 1732 10 1739 ,
20 1690 176 1746 ceromatico
186 1688 234 1744 lert
245 1690 365 1744 niceteria
379 1689 455 1744 eollo.

13 1766 33 1820 io
45 1767 97 1821 alta
109 1766 231 1838 Sicyone,
244 1773 284 1820 ast
296 1765 339 1820 bie
349 1766 488 1839 Amydone
500 1765 595 1829 relicta,

9 1844 28 1895 io
38 1841 140 1904 Andro,
154 1840 198 1894 ille
208 1841 296 1905 Same,
309 1841 353 1896 hic
365 1840 498 1895 Trallibus
508 1849 552 1894 aut
562 1840 716 1905 Alabandis,
766 1852 793 1894 lo

9 1918 122 1989 squilias
131 1916 286 1987 dictumque
296 1924 412 1986 petunta
425 1915 636 1979 vimineoollenr,

9 1994 85 2049 iseora
98 2009 258 2065 magnarum
269 1992 408 2057 domuum,
421 1991 576 2064 dominique
586 1990 675 2046 futuri.

9 2071 128 2141 rgrninm
140 2065 227 2132 velox,
240 2066 350 2122 andacia
361 2067 469 2138 perdita,
482 2084 570 2121 sermo

9 2152 117 2208 romtns,
130 2150 156 2197 et
165 2144 237 2197 lsaeo
248 2144 392 2198 torrentior.
420 2143 486 2206 Ede,
497 2143 563 2215 quid
576 2141 652 2196 illum

9 2227 140 2291 ssoputes:
156 2219 534 2290 qrromvislrornlnem,secum
545 2217 745 2272 adtulitadnos:
767 2229 792 2271 75

9 2294 187 2359 rarnnratious,
200 2294 295 2357 rhetor,
307 2301 460 2367 geometres,
473 2295 564 2365 pictor,
578 2293 680 2365 aliptes,

9 2389 83 2442 ugnr,
98 2369 297 2434 schoenobates,
312 2369 439 2431 medicus,
452 2387 561 2442 magus:
582 2369 672 2424 omnia
684 2367 757 2423 novit

9 2444 139 2514 lraeeulus¹
145 2445 279 2499 esuriens:
302 2445 328 2500 in
343 2445 444 2499 coelum
455 2445 573 2509 iusseris,
587 2445 658 2498 ibit.-

9 2520 30 2572 id
46 2537 192 2584 summam,
213 2537 265 2574 non
276 2521 384 2575 Maurus
399 2528 453 2575 erat
467 2536 552 2592 neque
564 2520 681 2574 Sarmata
693 2534 746 2577 nae

396 2596 494 2660 Thrax,

9 2671 38 2739 lui
49 2671 145 2725 sumsit
155 2688 268 2742 pennas.
280 2671 375 2726 mediis
388 2671 435 2725 sed
447 2678 523 2725 nntns
533 2668 654 2725 Athenis.
769 2680 795 2724 so

9 2747 88 2801 lorum
99 2764 151 2820 ego
160 2762 214 2801 non
226 2744 325 2819 fugiam
337 2745 494 2819 conchylia?
512 2747 553 2800 llle
563 2746 635 2818 prior
646 2745 691 2801 ille

9 2820 128 2893 ignobili
146 2820 286 2894 fultusque
296 2829 352 2876 toro
363 2822 470 2876 meliore
479 2821 614 2876 recumbet
