2028 3224
275 277 420 330 sATIRA
441 277 485 322 lx.
701 271 750 324 ⁴05

3 379 137 451 raecipuc
146 378 245 444 cerasis,
257 385 288 432 ut
296 377 402 451 linguas
411 377 603 448 mancipiorum

1 462 165 510 contemnas:
189 472 252 509 nam
261 452 352 526 lingua
363 452 425 507 maii
434 470 495 524 pars
506 452 621 506 maxima
631 454 712 507 servi.
764 464 804 508 tto

5 537 13 577 t
24 531 114 585 terior
121 537 209 584 tameo
221 529 274 595 hic,
285 529 333 600 qui
344 527 410 582 liber
419 546 472 583 non
481 529 531 582 erit
540 526 604 591 illis,

1 623 114 676 quorum
126 605 231 660 animas
240 612 266 658 et
275 603 343 658 farre
352 619 401 658 suo
410 603 524 657 custodit
532 611 557 657 et
565 620 632 658 aere.

23 698 83 735 rav.
104 680 204 735 Idcirco
213 687 244 734 ut
252 679 353 751 possim
367 677 486 752 linguam
497 687 662 732 contemnere
671 679 750 745 servi,

19 755 65 809 tile
74 754 217 810 consilium
230 753 317 818 modo,
329 753 376 808 sed
386 771 536 817 commune,
549 753 659 808 dedisti:

19 829 802 902 uncmibiquidsuadespostdamnumtemporisetspes125

17 905 139 977 eceptas‘?
156 905 274 960 Festinat
283 905 354 959 enim
364 904 500 958 decurrere
509 903 587 958 velox

5 979 136 1046 toscutus,
150 987 279 1054 angustae
289 979 451 1051 miseraeque
460 979 617 1034 brevissima
627 980 696 1034 vitae

5 1056 97 1111 tertio:
108 1055 173 1110 dum
185 1055 313 1119 bibimus,
324 1054 390 1109 dum
400 1060 476 1119 serta,
490 1063 633 1127 unguenta,
645 1054 747 1126 puellas

6 1131 144 1196 uscimus,
158 1131 261 1202 obrepit
269 1148 320 1185 non
332 1129 459 1184 intellecta
471 1138 600 1184 senectus.

2 1207 54 1261 lor.
81 1207 119 1261 Ne
138 1205 253 1278 trepida:
284 1222 432 1277 numquam
456 1205 577 1276 pathicus
595 1206 643 1260 tihi
666 1205 747 1260 deerit

405 1280 506 1335 amicus
758 1280 801 1332 '130

1 1355 132 1410 stantibus
141 1363 167 1409 et
176 1354 259 1412 salvis
268 1354 311 1409 bis
322 1353 448 1423 collibus3
470 1355 589 1426 undique
602 1356 634 1408 ad
648 1355 707 1409 iilos

19 1431 161 1486 nveniunt
172 1439 197 1486 et
206 1431 336 1503 carpentis
345 1437 370 1485 et
379 1431 492 1486 navibus
502 1447 602 1495 omnes,

1 1507 48 1576 qui
61 1506 144 1580 digito
152 1506 275 1578 scalpunt
286 1522 340 1561 uno
350 1514 434 1578 caput.
464 1505 549 1560 Altera
560 1506 643 1560 maior
729 1538 741 1556 .

2 1598 62 1651 spes
71 1588 205 1654 superest:
226 1589 255 1636 tu
267 1590 367 1636 tantum
378 1581 463 1636 erucis
473 1582 596 1653 imprime
605 1581 720 1636 dentem.

2 1658 81 1711 Nasu.
102 1658 170 1712 Haec
179 1656 299 1728 exempla
308 1674 370 1728 para
379 1654 514 1712 felicibus:
536 1664 561 1711 at
571 1674 628 1711 mea
638 1656 731 1712 Ciotho
762 1668 800 1710 135

2 1739 27 1785 et
37 1732 158 1787 Lachesis
167 1731 291 1806 gaudent,
304 1732 327 1785 si
336 1732 452 1803 pascitur
464 1733 574 1805 inguine
585 1740 683 1787 venter.

3 1805 108 1878 Oparvi
118 1807 254 1879 nostrique
263 1808 350 1871 Lares,
362 1825 430 1879 quos
441 1807 517 1861 thure
527 1808 628 1862 minuto

4 1890 47 1935 aut
56 1882 123 1937 farre
133 1889 158 1937 et
167 1882 240 1937 tenui
250 1882 320 1937 soleo
328 1899 455 1938 exornare
463 1899 566 1947 oorona,

4 1958 108 2028 quando
118 1975 167 2031 ego
178 1957 257 2030 figam
267 1956 438 2030 aliquidque
447 1958 482 2011 sit
491 1959 556 2012 mibi
567 1965 622 2012 tuta
630 1966 748 2013 suiectus

4 2039 108 2107 ategete
117 2042 142 2088 et
151 2032 263 2087 baculo?
281 2032 556 2106 vigintimilliasenus
762 2038 801 2083 tto

4 2107 156 2180 pigneribus
167 2108 267 2179 positis,
280 2108 381 2182 argenti
391 2107 496 2162 vascula
507 2109 576 2179 puri,

5 2183 50 2236 sed
61 2200 129 2255 quaa
138 2183 275 2238 Fabricius
284 2200 375 2237 censor
388 2192 466 2248 notet,
479 2192 504 2237 et
512 2184 566 2237 duo
574 2182 652 2236 fortes

5 2257 36 2310 de
43 2275 121 2332 grege
133 2260 292 2321 Moesorum,
305 2258 351 2329 qui
362 2274 405 2312 me
414 2259 513 2313 cervice
525 2258 604 2313 locata

5 2349 123 2388 securum
133 2332 365 2388 iubeantciamoso
375 2327 494 2388 insistere
504 2334 586 2389 Circo.
684 2359 690 2369 ·

6 2405 42 2460 Sit
55 2409 119 2463 mibi
128 2416 259 2481 praeterea
270 2425 369 2463 curvus
378 2408 496 2471 caelator,
508 2418 532 2462 et
541 2409 614 2470 aiter,
762 2411 801 2457 145

7 2483 49 2552 qui
61 2484 158 2539 multas
168 2483 246 2537 iacies
256 2484 348 2556 pingat
355 2484 415 2539 cito.
446 2483 582 2539 Sufficient
591 2482 662 2542 baec,

7 2559 107 2627 quando
116 2576 165 2632 ego
178 2575 279 2629 pauper
288 2575 341 2612 ero.
356 2559 452 2614 Votum
463 2557 621 2621 miserabile,
633 2571 681 2608 nec
690 2572 750 2626 spes

7 2631 45 2686 his
54 2634 160 2689 saltem:
183 2651 255 2697 nam,
266 2650 351 2705 quum
361 2651 410 2705 pro
419 2651 462 2688 me
470 2634 585 2688 Fortuna
596 2637 711 2704 rogatur,

7 2706 83 2784 affigit
91 2726 167 2765 ceras
177 2708 223 2762 illa
233 2708 266 2763 de
277 2724 344 2763 nave
355 2708 456 2780 petitas,

8 2799 68 2854 quaa
76 2784 180 2842 Siculos
190 2790 283 2840 cantus
295 2783 386 2858 effugit
395 2784 495 2857 remige
503 2781 594 2839 surdo.
763 2790 800 2832 tou
