2072 3332
24 90 25 123 l

23 146 25 179 l

307 295 451 342 smus
475 294 507 343 V.
744 294 779 350 23

25 398 132 455 baereat
142 397 169 452 in
181 398 269 453 stultis
278 397 367 453 brevis
377 405 407 452 ut
416 396 552 452 semuncia
561 398 632 452 reeti.

26 475 96 530 Haec
105 473 218 528 miscere
229 472 310 538 usias,
324 490 366 538 ne,
376 490 461 544 quum
470 472 511 527 sis
519 480 619 528 caetera
628 472 722 539 fossor,

26 550 76 603 tris
85 555 191 604 tantum
201 548 235 602 ad
245 566 369 603 numeros
378 548 460 622 satyri
470 565 592 603 moveare
603 548 728 623 Bathylli.

29 625 105 680 Liber
122 641 179 694 epo.
194 623 319 680 -Unde
333 624 423 678 datum
438 623 491 678 hoc
502 624 602 751 sputis,
624 630 659 679 tot
671 625 777 681 subdite

433 699 512 752 rebus

24 773 67 830 An
76 773 218 829 dominum
230 773 344 847 ignoras,
357 773 409 828 nisi
419 791 499 846 quent
512 774 628 829 vindicta
638 773 754 831 relaxat?
792 787 830 830 125

24 850 55 904 nl
64 867 141 922 puer,
155 858 180 903 et
190 850 305 923 strigiles
315 849 430 922 Crispini
440 848 474 904 ad
484 848 577 904 balnea
587 848 693 906 deferlu

24 926 48 979 si
59 925 203 996 increpuit:
224 941 328 980 »cessas
338 923 484 998 nugatoria
494 924 633 979 servitium
642 942 701 981 acre

23 1008 50 1055 te
60 999 128 1055 nihil
141 999 262 1071 impellit,
275 1017 323 1054 nec
332 999 480 1072 quidquam
489 1000 652 1055 'extrinsecus
663 1001 750 1068 intrat,

23 1075 98 1147 quod
109 1093 204 1130 nervos
214 1074 311 1148 agitet‘?
328 1074 380 1129 Sed
389 1075 413 1128 si
424 1074 495 1129 intus
505 1082 530 1129 et
542 1075 571 1130 in
582 1075 665 1132 iecore
673 1093 752 1150 aegre

24 1156 174 1206 naseuntur
185 1149 302 1205 domiui·
322 1151 370 1221 qui
380 1159 412 1204 tu
424 1150 579 1221 impunitior
590 1149 659 1215 exis,
789 1162 828 1205 teu
934 1181 938 1188 ·

23 1234 104 1299 atque
113 1226 166 1291 hie,
179 1242 260 1297 quem
272 1224 304 1280 ad
313 1224 428 1298 strigiles
437 1225 535 1354 sputgca
544 1232 570 1281 et
578 1226 775 1301 metusegitlre-
793 1254 796 1259 ·

430 1318 552 1355 rrrs.-··

24 1377 103 1432 Mane
112 1372 189 1450 piger
198 1376 295 1431 stertis.
328 1376 457 1450 »Surge«,
471 1376 560 1448 inquit
571 1376 694 1431 avarius:
715 1377 773 1434 reia

23 1453 142 1526 surget«
164 1452 261 1525 Negas.
287 1453 377 1516 Instat,
398 1451 530 1524 »surget«
552 1451 771 1523 inquit-Nos

429 1544 501 1596 queo.
512 1557 551 1568 —
559 1524 662 1599 »Surge
669 1527 675 1580 l
682 1547 695 1580 s
703 1558 741 1569 -

23 1604 55 1658 Et
68 1607 135 1672 quid
147 1600 245 1672 apum?
253 1633 291 1643 -
303 1600 446 1676 inemtas?
467 1619 501 1656 en
514 1601 652 1673 saperdam
663 1602 764 1658 advehe

428 1679 520 1742 Pente,

21 1760 180 1816 castoreum,
191 1759 311 1823 stuppas,
322 1751 447 1818 ebenum,
459 1752 531 1817 thus,
544 1750 646 1807 lubrica
658 1752 721 1810 Cea.
788 1764 827 1808 135

20 1827 94 1882 Tolle
103 1844 194 1882 recens
205 1829 308 1898 primus
320 1827 419 1899 pipere
431 1828 535 1882 sitiente
543 1825 652 1883 camelo.

22 1904 98 1959 Verte
108 1902 221 1974 aliquid,
234 1903 361 1957 iurau-
371 1903 780 1972 &elementaria-»Ehem

21 1980 94 2042 bars,
107 1986 270 2052 regustatum
283 1976 367 2051 digitu
375 1978 504 2034 terebrare
512 1975 629 2033 salinum

21 2062 161 2110 contentus
169 2070 288 2126 perages,
301 2054 324 2108 si
335 2053 424 2109 vivere
433 2071 494 2108 eum
505 2054 567 2108 Iove
575 2052 689 2109 tendis«
697 2085 736 2097 -

21 2132 76 2185 lam
90 2129 181 2201 pueris
191 2128 286 2201 pellem
298 2128 447 2184 succinctus
456 2128 666 2201 etoenopberum
676 2138 766 2202 aptas:
786 2137 826 2184 140

23 2207 103 2263 Ocius
112 2209 149 2260 ad
158 2205 265 2260 navem!
274 2234 312 2246 -
321 2204 395 2258 Nibil
405 2205 499 2270 obstat,
511 2204 578 2276 quin
589 2206 662 2261 trabe
671 2213 744 2263 vaste

22 2284 157 2354 Aegaeum
168 2280 264 2351 rapias,
278 2279 330 2334 nisi
340 2278 432 2335 sollers
443 2279 548 2334 luxuria
560 2286 620 2335 ante

22 2357 161 2411 seductum
172 2362 290 2410 moneat:
310 2353 387 2422 »Quo
395 2354 491 2411 deinde
500 2357 592 2411 insane
601 2353 677 2409 ruis‘l
695 2354 768 2427 quo‘l

22 2431 93 2498 Quid
106 2430 154 2485 tibi
168 2429 229 2486 vis?
247 2429 339 2486 Calido
346 2431 399 2486 sub
409 2437 510 2503 pectore
519 2429 638 2486 mascula
647 2429 710 2485 bilis

23 2506 160 2571 intumuit,
171 2523 253 2578 quam
263 2522 316 2562 non
328 2506 485 2562 exstinxerit
493 2523 560 2562 urna
569 2505 677 2560 cicutae.
785 2513 825 2560 tte

24 2583 90 2638 Tun’
99 2596 173 2639 mare
181 2580 347 2637 transsilias‘?
365 2581 424 2648 tibi,
435 2588 501 2637 torta
510 2580 629 2637 cannabe
641 2577 715 2642 fulto,

24 2655 327 2714 menasitintranstru‘l
345 2657 573 2728 Veientanumque
581 2654 716 2710 rubellum

23 2731 136 2799 exhalet,
148 2750 181 2788 va
201 2732 244 2788 ida
253 2732 353 2789 laesum
365 2732 431 2805 pice,
453 2730 545 2789 fissilis
553 2728 641 2785 obba?

25 2807 94 2878 Quid
103 2750 239 2884 parisini
248 2810 334 2877 numi,
346 2826 414 2882 quos
423 2807 483 2863 heic
492 2805 640 2879 quincunce
650 2804 767 2861 modesto
