<?xml version="1.0" encoding="UTF-8"?>
<!DOCTYPE html PUBLIC "-//W3C//DTD XHTML 1.0 Transitional//EN"
    "http://www.w3.org/TR/xhtml1/DTD/xhtml1-transitional.dtd">
<html xmlns="http://www.w3.org/1999/xhtml" xml:lang="en" lang="en">
 <head>
  <title>
</title>
<meta http-equiv="Content-Type" content="text/html;charset=utf-8" />
  <meta name='ocr-system' content='tesseract 3.04.00' />
  <meta name='ocr-capabilities' content='ocr_page ocr_carea ocr_par ocr_line ocrx_word'/>
</head>
<body>
  <div class='ocr_page' id='page_1' title='image "apersiiflacciet00weisgoog_0093.png"; bbox 0 0 2028 3224; ppageno 0'>
   <div class='ocr_carea' id='block_1_1' title="bbox 288 224 764 275">
    <p class='ocr_par' dir='ltr' id='par_1_1' title="bbox 288 224 764 275">
     <span class='ocr_line' id='line_1_1' title="bbox 288 224 764 275; baseline -0.013 0"><span class='ocrx_word' id='word_1_1' title='bbox 288 224 321 275; x_wconf 78' lang='lat'><strong>9⁰</strong></span> <span class='ocrx_word' id='word_1_2' title='bbox 553 225 764 272; x_wconf 81' lang='lat' dir='ltr'><strong>IUVENALIS</strong></span> 
     </span>
    </p>
   </div>
   <div class='ocr_carea' id='block_1_2' title="bbox 232 323 994 2825">
    <p class='ocr_par' dir='ltr' id='par_1_2' title="bbox 232 323 994 2825">
     <span class='ocr_line' id='line_1_2' title="bbox 286 323 949 402; baseline -0.006 -18"><span class='ocrx_word' id='word_1_3' title='bbox 286 329 474 402; x_wconf 77' lang='lat' dir='ltr'>Chrysogonus</span> <span class='ocrx_word' id='word_1_4' title='bbox 484 327 577 399; x_wconf 86' lang='lat' dir='ltr'><strong>quanti</strong></span> <span class='ocrx_word' id='word_1_5' title='bbox 586 325 683 390; x_wconf 83' lang='lat' dir='ltr'><strong>doceat,</strong></span> <span class='ocrx_word' id='word_1_6' title='bbox 699 324 740 380; x_wconf 91' lang='lat' dir='ltr'><strong>vel</strong></span> <span class='ocrx_word' id='word_1_7' title='bbox 752 323 835 379; x_wconf 87' lang='lat' dir='ltr'><strong>Pollio</strong></span> <span class='ocrx_word' id='word_1_8' title='bbox 845 325 949 396; x_wconf 79' lang='lat' dir='ltr'><strong>quanti</strong></span> 
     </span>
     <span class='ocr_line' id='line_1_3' title="bbox 286 401 919 474; baseline -0.006 -15"><span class='ocrx_word' id='word_1_9' title='bbox 286 405 417 459; x_wconf 83' lang='lat' dir='ltr'><strong>lautorum</strong></span> <span class='ocrx_word' id='word_1_10' title='bbox 428 420 532 474; x_wconf 85' lang='lat' dir='ltr'><strong>pueros,</strong></span> <span class='ocrx_word' id='word_1_11' title='bbox 546 410 628 457; x_wconf 81' lang='lat' dir='ltr'><strong>artem</strong></span> <span class='ocrx_word' id='word_1_12' title='bbox 638 401 760 456; x_wconf 80' lang='lat' dir='ltr'>scindens</span> <span class='ocrx_word' id='word_1_13' title='bbox 773 401 919 457; x_wconf 89' lang='lat' dir='ltr'><strong>Theodori.</strong></span> 
     </span>
     <span class='ocr_line' id='line_1_4' title="bbox 285 476 912 549; baseline -0.006 -13"><span class='ocrx_word' id='word_1_14' title='bbox 285 478 381 536; x_wconf 81' lang='lat' dir='ltr'>Balnea</span> <span class='ocrx_word' id='word_1_15' title='bbox 394 480 532 542; x_wconf 80' lang='lat' dir='ltr'>sexcentis,</span> <span class='ocrx_word' id='word_1_16' title='bbox 543 486 568 532; x_wconf 84' lang='lat' dir='ltr'><strong>et</strong></span> <span class='ocrx_word' id='word_1_17' title='bbox 577 477 662 549; x_wconf 89' lang='lat' dir='ltr'><strong>pluris</strong></span> <span class='ocrx_word' id='word_1_18' title='bbox 672 476 797 549; x_wconf 82' lang='lat' dir='ltr'><strong>porticus,</strong></span> <span class='ocrx_word' id='word_1_19' title='bbox 811 476 840 530; x_wconf 91' lang='lat' dir='ltr'><strong>in</strong></span> <span class='ocrx_word' id='word_1_20' title='bbox 851 494 912 548; x_wconf 83' lang='lat' dir='ltr'><strong>que</strong></span> 
     </span>
     <span class='ocr_line' id='line_1_5' title="bbox 286 552 990 629; baseline -0.004 -19"><span class='ocrx_word' id='word_1_21' title='bbox 286 562 402 629; x_wconf 82' lang='lat' dir='ltr'><strong>gestetur</strong></span> <span class='ocrx_word' id='word_1_22' title='bbox 411 552 546 619; x_wconf 87' lang='lat' dir='ltr'><strong>dominus,</strong></span> <span class='ocrx_word' id='word_1_23' title='bbox 556 552 660 625; x_wconf 80' lang='lat' dir='ltr'><strong>quoties</strong></span> <span class='ocrx_word' id='word_1_24' title='bbox 669 552 747 624; x_wconf 87' lang='lat' dir='ltr'><strong>pluit.</strong></span> <span class='ocrx_word' id='word_1_25' title='bbox 777 552 857 606; x_wconf 78' lang='lat' dir='ltr'><strong>Anne</strong></span> <span class='ocrx_word' id='word_1_26' title='bbox 865 569 990 607; x_wconf 85' lang='lat' dir='ltr'><strong>serenum</strong></span> 
     </span>
     <span class='ocr_line' id='line_1_6' title="bbox 232 627 919 703; baseline -0.006 -18"><span class='ocrx_word' id='word_1_27' title='bbox 232 642 271 685; x_wconf 79' lang='lat'><strong>18⁰</strong></span> <span class='ocrx_word' id='word_1_28' title='bbox 285 637 424 703; x_wconf 86' lang='lat' dir='ltr'><strong>exspectet,</strong></span> <span class='ocrx_word' id='word_1_29' title='bbox 436 636 595 702; x_wconf 81' lang='lat' dir='ltr'><strong>spargatque</strong></span> <span class='ocrx_word' id='word_1_30' title='bbox 605 629 659 684; x_wconf 90' lang='lat' dir='ltr'><strong>luto</strong></span> <span class='ocrx_word' id='word_1_31' title='bbox 669 628 785 682; x_wconf 83' lang='lat' dir='ltr'><strong>iumenta</strong></span> <span class='ocrx_word' id='word_1_32' title='bbox 795 627 919 682; x_wconf 76' lang='lat' dir='ltr'><strong>remnti‘?</strong></span> 
     </span>
     <span class='ocr_line' id='line_1_7' title="bbox 286 701 985 777; baseline -0.007 -16"><span class='ocrx_word' id='word_1_33' title='bbox 286 705 444 776; x_wconf 87' lang='lat' dir='ltr'><strong>lliepotius:</strong></span> <span class='ocrx_word' id='word_1_34' title='bbox 466 701 985 777; x_wconf 83' lang='lat' dir='ltr'><strong>namquehiemundeenitetungulamn</strong></span> 
     </span>
     <span class='ocr_line' id='line_1_8' title="bbox 287 775 936 853; baseline -0.005 -16"><span class='ocrx_word' id='word_1_35' title='bbox 287 784 361 837; x_wconf 86' lang='lat' dir='ltr'><strong>Parte</strong></span> <span class='ocrx_word' id='word_1_36' title='bbox 374 780 425 835; x_wconf 84' lang='lat' dir='ltr'><strong>elie</strong></span> <span class='ocrx_word' id='word_1_37' title='bbox 437 779 522 853; x_wconf 83' lang='lat' dir='ltr'><strong>longis</strong></span> <span class='ocrx_word' id='word_1_38' title='bbox 533 778 709 835; x_wconf 77' lang='lat' dir='ltr'><strong>Numidarum</strong></span> <span class='ocrx_word' id='word_1_39' title='bbox 720 775 785 832; x_wconf 84' lang='lat' dir='ltr'><strong>fulta</strong></span> <span class='ocrx_word' id='word_1_40' title='bbox 795 777 936 834; x_wconf 85' lang='lat' dir='ltr'><strong>columnis</strong></span> 
     </span>
     <span class='ocr_line' id='line_1_9' title="bbox 287 852 876 930; baseline -0.003 -19"><span class='ocrx_word' id='word_1_41' title='bbox 287 852 876 930; x_wconf 78' lang='lat' dir='ltr'><strong>surgatetalgentemrapiatooenetiosnlem.</strong></span> 
     </span>
     <span class='ocr_line' id='line_1_10' title="bbox 288 927 978 1002; baseline -0.001 -16"><span class='ocrx_word' id='word_1_42' title='bbox 288 932 500 1002; x_wconf 85' lang='lat' dir='ltr'><strong>Quantieumque</strong></span> <span class='ocrx_word' id='word_1_43' title='bbox 509 929 615 995; x_wconf 85' lang='lat' dir='ltr'><strong>domus,</strong></span> <span class='ocrx_word' id='word_1_44' title='bbox 627 930 722 996; x_wconf 88' lang='lat' dir='ltr'><strong>veniet,</strong></span> <span class='ocrx_word' id='word_1_45' title='bbox 734 928 782 1000; x_wconf 89' lang='lat' dir='ltr'><strong>qui</strong></span> <span class='ocrx_word' id='word_1_46' title='bbox 792 927 895 984; x_wconf 86' lang='lat' dir='ltr'><strong>fercula</strong></span> <span class='ocrx_word' id='word_1_47' title='bbox 906 929 978 985; x_wconf 83' lang='lat' dir='ltr'><strong>docte</strong></span> 
     </span>
     <span class='ocr_line' id='line_1_11' title="bbox 234 1004 905 1078; baseline -0.003 -16"><span class='ocrx_word' id='word_1_48' title='bbox 234 1020 273 1063; x_wconf 81' lang='lat'><strong>185</strong></span> <span class='ocrx_word' id='word_1_49' title='bbox 286 1007 433 1078; x_wconf 81' lang='lat' dir='ltr'><strong>componit:</strong></span> <span class='ocrx_word' id='word_1_50' title='bbox 455 1007 549 1071; x_wconf 84' lang='lat' dir='ltr'><strong>veniet,</strong></span> <span class='ocrx_word' id='word_1_51' title='bbox 559 1007 607 1078; x_wconf 90' lang='lat' dir='ltr'><strong>qui</strong></span> <span class='ocrx_word' id='word_1_52' title='bbox 617 1004 905 1078; x_wconf 74' lang='lat' dir='ltr'><strong>pulmentarieeondit.</strong></span> 
     </span>
     <span class='ocr_line' id='line_1_12' title="bbox 287 1079 840 1148; baseline -0.005 -11"><span class='ocrx_word' id='word_1_53' title='bbox 287 1084 340 1137; x_wconf 88' lang='lat' dir='ltr'><strong>Hos</strong></span> <span class='ocrx_word' id='word_1_54' title='bbox 350 1082 418 1136; x_wconf 85' lang='lat' dir='ltr'><strong>inter</strong></span> <span class='ocrx_word' id='word_1_55' title='bbox 427 1090 532 1136; x_wconf 87' lang='lat' dir='ltr'><strong>sumtus</strong></span> <span class='ocrx_word' id='word_1_56' title='bbox 541 1079 840 1148; x_wconf 82' lang='lat' dir='ltr'><strong>sestertieQuintiliano,</strong></span> 
     </span>
     <span class='ocr_line' id='line_1_13' title="bbox 288 1153 966 1223; baseline -0.001 -10"><span class='ocrx_word' id='word_1_57' title='bbox 288 1167 318 1213; x_wconf 84' lang='lat' dir='ltr'><strong>ut</strong></span> <span class='ocrx_word' id='word_1_58' title='bbox 328 1156 453 1223; x_wconf 83' lang='lat' dir='ltr'><strong>multum,</strong></span> <span class='ocrx_word' id='word_1_59' title='bbox 468 1156 522 1211; x_wconf 87' lang='lat' dir='ltr'><strong>dun</strong></span> <span class='ocrx_word' id='word_1_60' title='bbox 531 1155 672 1211; x_wconf 83' lang='lat' dir='ltr'><strong>sufficient.</strong></span> <span class='ocrx_word' id='word_1_61' title='bbox 705 1157 755 1210; x_wconf 79' lang='lat' dir='ltr'><strong>lies</strong></span> <span class='ocrx_word' id='word_1_62' title='bbox 765 1153 840 1210; x_wconf 80' lang='lat' dir='ltr'><strong>nulla</strong></span> <span class='ocrx_word' id='word_1_63' title='bbox 851 1156 966 1212; x_wconf 86' lang='lat' dir='ltr'><strong>minoris</strong></span> 
     </span>
     <span class='ocr_line' id='line_1_14' title="bbox 288 1230 951 1304; baseline 0 -15"><span class='ocrx_word' id='word_1_64' title='bbox 288 1232 418 1289; x_wconf 80' lang='lat' dir='ltr'><strong>constabit</strong></span> <span class='ocrx_word' id='word_1_65' title='bbox 426 1231 502 1303; x_wconf 74' lang='lat' dir='ltr'><strong>petri.</strong></span> <span class='ocrx_word' id='word_1_66' title='bbox 515 1249 597 1304; x_wconf 86' lang='lat' dir='ltr'><strong>quam</strong></span> <span class='ocrx_word' id='word_1_67' title='bbox 608 1230 690 1287; x_wconf 87' lang='lat' dir='ltr'><strong>filius.</strong></span> <span class='ocrx_word' id='word_1_68' title='bbox 711 1231 804 1287; x_wconf 84' lang='lat' dir='ltr'><strong>»Unde</strong></span> <span class='ocrx_word' id='word_1_69' title='bbox 818 1231 904 1303; x_wconf 81' lang='lat' dir='ltr'><strong>igitur</strong></span> <span class='ocrx_word' id='word_1_70' title='bbox 913 1240 951 1289; x_wconf 84' lang='lat' dir='ltr'><strong>tot</strong></span> 
     </span>
     <span class='ocr_line' id='line_1_15' title="bbox 289 1304 977 1376; baseline 0.001 -13"><span class='ocrx_word' id='word_1_71' title='bbox 289 1307 469 1376; x_wconf 83' lang='lat' dir='ltr'><strong>Quintilianus</strong></span> <span class='ocrx_word' id='word_1_72' title='bbox 479 1307 685 1365; x_wconf 76' lang='lat' dir='ltr'><strong>habetseltus‘lr</strong></span> <span class='ocrx_word' id='word_1_73' title='bbox 705 1304 834 1375; x_wconf 83' lang='lat' dir='ltr'><strong>Exempla</strong></span> <span class='ocrx_word' id='word_1_74' title='bbox 845 1324 977 1364; x_wconf 83' lang='lat' dir='ltr'><strong>novorum</strong></span> 
     </span>
     <span class='ocr_line' id='line_1_16' title="bbox 235 1382 843 1455; baseline -0.01 -15"><span class='ocrx_word' id='word_1_75' title='bbox 235 1397 274 1440; x_wconf 77' lang='lat' dir='ltr'><strong>tun</strong></span> <span class='ocrx_word' id='word_1_76' title='bbox 289 1384 508 1440; x_wconf 83' lang='lat' dir='ltr'><strong>famrumtrensi:</strong></span> <span class='ocrx_word' id='word_1_77' title='bbox 530 1382 725 1455; x_wconf 83' lang='lat' dir='ltr'><strong>felixetpulcer</strong></span> <span class='ocrx_word' id='word_1_78' title='bbox 734 1389 760 1436; x_wconf 91' lang='lat' dir='ltr'><strong>et</strong></span> <span class='ocrx_word' id='word_1_79' title='bbox 769 1398 843 1448; x_wconf 79' lang='lat' dir='ltr'><strong>acer3</strong></span> 
     </span>
     <span class='ocr_line' id='line_1_17' title="bbox 289 1458 835 1531; baseline -0.011 -16"><span class='ocrx_word' id='word_1_80' title='bbox 289 1461 353 1516; x_wconf 82' lang='lat' dir='ltr'><strong>felix</strong></span> <span class='ocrx_word' id='word_1_81' title='bbox 365 1468 390 1514; x_wconf 90' lang='lat' dir='ltr'><strong>et</strong></span> <span class='ocrx_word' id='word_1_82' title='bbox 399 1460 503 1531; x_wconf 84' lang='lat' dir='ltr'><strong>sepiens</strong></span> <span class='ocrx_word' id='word_1_83' title='bbox 513 1467 539 1513; x_wconf 88' lang='lat' dir='ltr'><strong>et</strong></span> <span class='ocrx_word' id='word_1_84' title='bbox 549 1458 646 1514; x_wconf 87' lang='lat' dir='ltr'><strong>nobilis</strong></span> <span class='ocrx_word' id='word_1_85' title='bbox 659 1466 684 1512; x_wconf 91' lang='lat' dir='ltr'><strong>et</strong></span> <span class='ocrx_word' id='word_1_86' title='bbox 693 1474 835 1531; x_wconf 80' lang='lat' dir='ltr'><strong>generosus</strong></span> 
     </span>
     <span class='ocr_line' id='line_1_18' title="bbox 291 1531 872 1608; baseline -0.003 -18"><span class='ocrx_word' id='word_1_87' title='bbox 291 1535 437 1607; x_wconf 81' lang='lat' dir='ltr'><strong>appositum</strong></span> <span class='ocrx_word' id='word_1_88' title='bbox 447 1535 538 1608; x_wconf 80' lang='lat' dir='ltr'><strong>nigrae</strong></span> <span class='ocrx_word' id='word_1_89' title='bbox 547 1533 638 1589; x_wconf 81' lang='lat' dir='ltr'><strong>lunum</strong></span> <span class='ocrx_word' id='word_1_90' title='bbox 648 1532 764 1591; x_wconf 83' lang='lat' dir='ltr'><strong>subtexit</strong></span> <span class='ocrx_word' id='word_1_91' title='bbox 772 1531 872 1588; x_wconf 81' lang='lat' dir='ltr'><strong>alutae:</strong></span> 
     </span>
     <span class='ocr_line' id='line_1_19' title="bbox 289 1607 906 1682; baseline -0.002 -18"><span class='ocrx_word' id='word_1_92' title='bbox 289 1611 362 1675; x_wconf 85' lang='lat' dir='ltr'><strong>felix,</strong></span> <span class='ocrx_word' id='word_1_93' title='bbox 374 1619 458 1664; x_wconf 83' lang='lat' dir='ltr'><strong>orator</strong></span> <span class='ocrx_word' id='word_1_94' title='bbox 468 1627 574 1682; x_wconf 88' lang='lat' dir='ltr'><strong>quoque</strong></span> <span class='ocrx_word' id='word_1_95' title='bbox 584 1609 718 1664; x_wconf 82' lang='lat' dir='ltr'><strong>maximus</strong></span> <span class='ocrx_word' id='word_1_96' title='bbox 727 1616 752 1663; x_wconf 81' lang='lat' dir='ltr'><strong>et</strong></span> <span class='ocrx_word' id='word_1_97' title='bbox 764 1607 906 1676; x_wconf 79' lang='lat' dir='ltr'><strong>iaculetur;</strong></span> 
     </span>
     <span class='ocr_line' id='line_1_20' title="bbox 290 1683 965 1757; baseline 0 -17"><span class='ocrx_word' id='word_1_98' title='bbox 290 1695 325 1751; x_wconf 85' lang='lat' dir='ltr'><strong>et,</strong></span> <span class='ocrx_word' id='word_1_99' title='bbox 336 1687 359 1739; x_wconf 90' lang='lat' dir='ltr'><strong>si</strong></span> <span class='ocrx_word' id='word_1_100' title='bbox 369 1684 498 1756; x_wconf 81' lang='lat' dir='ltr'><strong>perfrixit,</strong></span> <span class='ocrx_word' id='word_1_101' title='bbox 509 1693 594 1743; x_wconf 83' lang='lat' dir='ltr'><strong>cantet</strong></span> <span class='ocrx_word' id='word_1_102' title='bbox 603 1685 679 1740; x_wconf 84' lang='lat' dir='ltr'><strong>bene.</strong></span> <span class='ocrx_word' id='word_1_103' title='bbox 711 1684 793 1738; x_wconf 82' lang='lat' dir='ltr'><strong>Distat</strong></span> <span class='ocrx_word' id='word_1_104' title='bbox 802 1683 884 1747; x_wconf 91' lang='lat' dir='ltr'><strong>enim,</strong></span> <span class='ocrx_word' id='word_1_105' title='bbox 897 1703 965 1757; x_wconf 84' lang='lat' dir='ltr'><strong>quee</strong></span> 
     </span>
     <span class='ocr_line' id='line_1_21' title="bbox 237 1758 930 1832; baseline 0.001 -17"><span class='ocrx_word' id='word_1_106' title='bbox 237 1771 275 1816; x_wconf 75' lang='lat' dir='ltr'><strong>tte</strong></span> <span class='ocrx_word' id='word_1_107' title='bbox 290 1762 410 1816; x_wconf 85' lang='lat' dir='ltr'><strong>siderate</strong></span> <span class='ocrx_word' id='word_1_108' title='bbox 422 1760 553 1831; x_wconf 82' lang='lat' dir='ltr'><strong>excipiant</strong></span> <span class='ocrx_word' id='word_1_109' title='bbox 564 1760 640 1816; x_wconf 83' lang='lat' dir='ltr'><strong>modo</strong></span> <span class='ocrx_word' id='word_1_110' title='bbox 649 1760 749 1832; x_wconf 90' lang='lat' dir='ltr'><strong>primos</strong></span> <span class='ocrx_word' id='word_1_111' title='bbox 760 1758 930 1830; x_wconf 82' lang='lat' dir='ltr'><strong>incipientem</strong></span> 
     </span>
     <span class='ocr_line' id='line_1_22' title="bbox 290 1834 902 1908; baseline 0 -17"><span class='ocrx_word' id='word_1_112' title='bbox 290 1836 366 1891; x_wconf 89' lang='lat' dir='ltr'><strong>edere</strong></span> <span class='ocrx_word' id='word_1_113' title='bbox 377 1835 491 1908; x_wconf 79' lang='lat' dir='ltr'><strong>vagitus,</strong></span> <span class='ocrx_word' id='word_1_114' title='bbox 501 1843 527 1890; x_wconf 88' lang='lat' dir='ltr'><strong>et</strong></span> <span class='ocrx_word' id='word_1_115' title='bbox 536 1835 647 1890; x_wconf 85' lang='lat' dir='ltr'><strong>adhuee</strong></span> <span class='ocrx_word' id='word_1_116' title='bbox 658 1843 741 1890; x_wconf 81' lang='lat' dir='ltr'><strong>matre</strong></span> <span class='ocrx_word' id='word_1_117' title='bbox 751 1834 902 1891; x_wconf 85' lang='lat' dir='ltr'><strong>rubentem.</strong></span> 
     </span>
     <span class='ocr_line' id='line_1_23' title="bbox 291 1909 863 1976; baseline -0.009 -9"><span class='ocrx_word' id='word_1_118' title='bbox 291 1912 319 1967; x_wconf 87' lang='lat' dir='ltr'><strong>Si</strong></span> <span class='ocrx_word' id='word_1_119' title='bbox 332 1912 352 1966; x_wconf 89' lang='lat' dir='ltr'>F</span> <span class='ocrx_word' id='word_1_120' title='bbox 354 1918 447 1965; x_wconf 84' lang='lat' dir='ltr'><strong>ortuna</strong></span> <span class='ocrx_word' id='word_1_121' title='bbox 458 1910 535 1976; x_wconf 87' lang='lat' dir='ltr'><strong>volet,</strong></span> <span class='ocrx_word' id='word_1_122' title='bbox 548 1910 594 1966; x_wconf 85' lang='lat' dir='ltr'><strong>fies</strong></span> <span class='ocrx_word' id='word_1_123' title='bbox 603 1911 636 1965; x_wconf 85' lang='lat' dir='ltr'><strong>de</strong></span> <span class='ocrx_word' id='word_1_124' title='bbox 645 1911 747 1966; x_wconf 78' lang='lat' dir='ltr'><strong>rhetore</strong></span> <span class='ocrx_word' id='word_1_125' title='bbox 756 1909 863 1965; x_wconf 78' lang='lat' dir='ltr'><strong>consul:</strong></span> 
     </span>
     <span class='ocr_line' id='line_1_24' title="bbox 291 1985 902 2052; baseline -0.003 -11"><span class='ocrx_word' id='word_1_126' title='bbox 291 1988 314 2041; x_wconf 90' lang='lat' dir='ltr'><strong>si</strong></span> <span class='ocrx_word' id='word_1_127' title='bbox 326 1987 394 2041; x_wconf 85' lang='lat' dir='ltr'><strong>volet</strong></span> <span class='ocrx_word' id='word_1_128' title='bbox 404 1987 468 2042; x_wconf 80' lang='lat' dir='ltr'><strong>haee</strong></span> <span class='ocrx_word' id='word_1_129' title='bbox 476 1986 576 2052; x_wconf 86' lang='lat' dir='ltr'><strong>eedem,</strong></span> <span class='ocrx_word' id='word_1_130' title='bbox 590 1986 637 2041; x_wconf 87' lang='lat' dir='ltr'><strong>fies</strong></span> <span class='ocrx_word' id='word_1_131' title='bbox 646 1985 679 2040; x_wconf 88' lang='lat' dir='ltr'><strong>de</strong></span> <span class='ocrx_word' id='word_1_132' title='bbox 687 1985 796 2040; x_wconf 85' lang='lat' dir='ltr'><strong>consule</strong></span> <span class='ocrx_word' id='word_1_133' title='bbox 805 1986 902 2043; x_wconf 80' lang='lat' dir='ltr'><strong>rlieter.</strong></span> 
     </span>
     <span class='ocr_line' id='line_1_25' title="bbox 291 2060 983 2134; baseline -0.006 -15"><span class='ocrx_word' id='word_1_134' title='bbox 291 2062 431 2119; x_wconf 84' lang='lat' dir='ltr'><strong>Ventidius</strong></span> <span class='ocrx_word' id='word_1_135' title='bbox 454 2062 520 2134; x_wconf 91' lang='lat' dir='ltr'><strong>quid</strong></span> <span class='ocrx_word' id='word_1_136' title='bbox 540 2060 633 2118; x_wconf 75' lang='lat' dir='ltr'><strong>enim?</strong></span> <span class='ocrx_word' id='word_1_137' title='bbox 652 2061 718 2133; x_wconf 92' lang='lat' dir='ltr'><strong>quid</strong></span> <span class='ocrx_word' id='word_1_138' title='bbox 732 2060 854 2115; x_wconf 78' lang='lat' dir='ltr'><strong>Tullius?</strong></span> <span class='ocrx_word' id='word_1_139' title='bbox 872 2079 940 2119; x_wconf 81' lang='lat' dir='ltr'><strong>enne</strong></span> <span class='ocrx_word' id='word_1_140' title='bbox 952 2061 983 2116; x_wconf 86' lang='lat' dir='ltr'><strong>eli</strong></span> 
     </span>
     <span class='ocr_line' id='line_1_26' title="bbox 694 2155 776 2208; baseline 0.012 -17"><span class='ocrx_word' id='word_1_141' title='bbox 694 2155 776 2208; x_wconf 83' lang='lat' dir='ltr'><strong>quem</strong></span> 
     </span>
     <span class='ocr_line' id='line_1_27' title="bbox 238 2210 834 2284; baseline -0.005 -17"><span class='ocrx_word' id='word_1_142' title='bbox 238 2225 277 2267; x_wconf 80' lang='lat' dir='ltr'><strong>mu</strong></span> <span class='ocrx_word' id='word_1_143' title='bbox 292 2211 367 2266; x_wconf 86' lang='lat' dir='ltr'><strong>sidus</strong></span> <span class='ocrx_word' id='word_1_144' title='bbox 377 2220 402 2266; x_wconf 91' lang='lat' dir='ltr'><strong>et</strong></span> <span class='ocrx_word' id='word_1_145' title='bbox 411 2211 504 2266; x_wconf 83' lang='lat' dir='ltr'><strong>occulti</strong></span> <span class='ocrx_word' id='word_1_146' title='bbox 515 2212 634 2268; x_wconf 82' lang='lat' dir='ltr'><strong>miranda</strong></span> <span class='ocrx_word' id='word_1_147' title='bbox 644 2213 757 2284; x_wconf 83' lang='lat' dir='ltr'><strong>potentia</strong></span> <span class='ocrx_word' id='word_1_148' title='bbox 771 2210 834 2265; x_wconf 82' lang='lat' dir='ltr'><strong>fati‘l</strong></span> 
     </span>
     <span class='ocr_line' id='line_1_28' title="bbox 293 2286 953 2360; baseline 0 -18"><span class='ocrx_word' id='word_1_149' title='bbox 293 2287 381 2343; x_wconf 82' lang='lat' dir='ltr'><strong>Servis</strong></span> <span class='ocrx_word' id='word_1_150' title='bbox 394 2286 595 2360; x_wconf 80' lang='lat' dir='ltr'><strong>regradabunt,</strong></span> <span class='ocrx_word' id='word_1_151' title='bbox 606 2287 717 2360; x_wconf 72' lang='lat' dir='ltr'><strong>captivis</strong></span> <span class='ocrx_word' id='word_1_152' title='bbox 727 2288 790 2341; x_wconf 79' lang='lat' dir='ltr'><strong>Fam</strong></span> <span class='ocrx_word' id='word_1_153' title='bbox 800 2287 953 2357; x_wconf 85' lang='lat' dir='ltr'><strong>triumphos.</strong></span> 
     </span>
     <span class='ocr_line' id='line_1_29' title="bbox 292 2361 894 2436; baseline -0.003 -18"><span class='ocrx_word' id='word_1_154' title='bbox 292 2363 368 2418; x_wconf 81' lang='lat' dir='ltr'><strong>Felix</strong></span> <span class='ocrx_word' id='word_1_155' title='bbox 378 2362 423 2417; x_wconf 88' lang='lat' dir='ltr'><strong>ille</strong></span> <span class='ocrx_word' id='word_1_156' title='bbox 433 2371 520 2417; x_wconf 86' lang='lat' dir='ltr'><strong>tamen</strong></span> <span class='ocrx_word' id='word_1_157' title='bbox 529 2380 608 2418; x_wconf 83' lang='lat' dir='ltr'><strong>corvo</strong></span> <span class='ocrx_word' id='word_1_158' title='bbox 616 2379 724 2436; x_wconf 85' lang='lat' dir='ltr'><strong>quoque</strong></span> <span class='ocrx_word' id='word_1_159' title='bbox 734 2362 815 2417; x_wconf 80' lang='lat' dir='ltr'><strong>rarior</strong></span> <span class='ocrx_word' id='word_1_160' title='bbox 825 2361 894 2416; x_wconf 80' lang='lat' dir='ltr'><strong>elbo.</strong></span> 
     </span>
     <span class='ocr_line' id='line_1_30' title="bbox 293 2437 932 2510; baseline -0.002 -17"><span class='ocrx_word' id='word_1_161' title='bbox 293 2438 423 2494; x_wconf 87' lang='lat' dir='ltr'><strong>Poenituit</strong></span> <span class='ocrx_word' id='word_1_162' title='bbox 432 2437 529 2493; x_wconf 83' lang='lat' dir='ltr'><strong>multos</strong></span> <span class='ocrx_word' id='word_1_163' title='bbox 539 2437 783 2510; x_wconf 10' lang='lat' dir='ltr'><strong>veneeqsterilisque</strong></span> <span class='ocrx_word' id='word_1_164' title='bbox 793 2437 932 2503; x_wconf 84' lang='lat' dir='ltr'><strong>cathedrae,</strong></span> 
     </span>
     <span class='ocr_line' id='line_1_31' title="bbox 294 2512 973 2586; baseline 0.004 -20"><span class='ocrx_word' id='word_1_165' title='bbox 294 2512 561 2586; x_wconf 84' lang='lat' dir='ltr'><strong>sieutThrasymachi</strong></span> <span class='ocrx_word' id='word_1_166' title='bbox 583 2512 676 2583; x_wconf 85' lang='lat' dir='ltr'><strong>probet</strong></span> <span class='ocrx_word' id='word_1_167' title='bbox 688 2514 775 2567; x_wconf 82' lang='lat' dir='ltr'><strong>exitus</strong></span> <span class='ocrx_word' id='word_1_168' title='bbox 783 2520 861 2583; x_wconf 88' lang='lat' dir='ltr'><strong>atque</strong></span> <span class='ocrx_word' id='word_1_169' title='bbox 869 2512 973 2569; x_wconf 86' lang='lat' dir='ltr'><strong>Secundi</strong></span> 
     </span>
     <span class='ocr_line' id='line_1_32' title="bbox 241 2587 946 2658; baseline 0.007 -19"><span class='ocrx_word' id='word_1_170' title='bbox 241 2596 280 2639; x_wconf 78' lang='lat'><strong>205</strong></span> <span class='ocrx_word' id='word_1_171' title='bbox 295 2587 451 2642; x_wconf 80' lang='lat' dir='ltr'><strong>Carrinatis:</strong></span> <span class='ocrx_word' id='word_1_172' title='bbox 473 2596 498 2641; x_wconf 89' lang='lat' dir='ltr'><strong>et</strong></span> <span class='ocrx_word' id='word_1_173' title='bbox 507 2587 580 2642; x_wconf 86' lang='lat' dir='ltr'><strong>hune</strong></span> <span class='ocrx_word' id='word_1_174' title='bbox 589 2587 693 2658; x_wconf 88' lang='lat' dir='ltr'><strong>inopem</strong></span> <span class='ocrx_word' id='word_1_175' title='bbox 705 2587 817 2653; x_wconf 74' lang='lat' dir='ltr'><strong>vidistis,</strong></span> <span class='ocrx_word' id='word_1_176' title='bbox 828 2587 946 2654; x_wconf 80' lang='lat' dir='ltr'><strong>Athenae,</strong></span> 
     </span>
     <span class='ocr_line' id='line_1_33' title="bbox 297 2660 994 2735; baseline 0.001 -20"><span class='ocrx_word' id='word_1_177' title='bbox 297 2660 335 2715; x_wconf 90' lang='lat' dir='ltr'><strong>nil</strong></span> <span class='ocrx_word' id='word_1_178' title='bbox 344 2669 444 2730; x_wconf 86' lang='lat' dir='ltr'><strong>praeter</strong></span> <span class='ocrx_word' id='word_1_179' title='bbox 452 2661 553 2735; x_wconf 80' lang='lat' dir='ltr'><strong>gelidas</strong></span> <span class='ocrx_word' id='word_1_180' title='bbox 565 2679 644 2718; x_wconf 76' lang='lat' dir='ltr'><strong>ausae</strong></span> <span class='ocrx_word' id='word_1_181' title='bbox 652 2661 880 2718; x_wconf 82' lang='lat' dir='ltr'><strong>eonferreoieutes.</strong></span> <span class='ocrx_word' id='word_1_182' title='bbox 993 2720 994 2731; x_wconf 11' lang='grc' dir='ltr'>χ</span> 
     </span>
     <span class='ocr_line' id='line_1_34' title="bbox 297 2733 994 2825; baseline 0.01 -37"><span class='ocrx_word' id='word_1_183' title='bbox 297 2733 329 2789; x_wconf 89' lang='lat' dir='ltr'><strong>Di</strong></span> <span class='ocrx_word' id='word_1_184' title='bbox 342 2734 473 2790; x_wconf 79' lang='lat' dir='ltr'><strong>meierum</strong></span> <span class='ocrx_word' id='word_1_185' title='bbox 490 2735 594 2792; x_wconf 82' lang='lat' dir='ltr'><strong>umbrie</strong></span> <span class='ocrx_word' id='word_1_186' title='bbox 605 2744 712 2793; x_wconf 87' lang='lat' dir='ltr'><strong>tenuem</strong></span> <span class='ocrx_word' id='word_1_187' title='bbox 722 2743 748 2792; x_wconf 86' lang='lat' dir='ltr'><strong>et</strong></span> <span class='ocrx_word' id='word_1_188' title='bbox 756 2737 814 2794; x_wconf 83' lang='lat' dir='ltr'><strong>sine</strong></span> <span class='ocrx_word' id='word_1_189' title='bbox 823 2738 931 2811; x_wconf 85' lang='lat' dir='ltr'><strong>pondere</strong></span> <span class='ocrx_word' id='word_1_190' title='bbox 938 2746 994 2825; x_wconf 68' lang='lat' dir='ltr'><strong>tenu</strong></span> 
     </span>
    </p>
   </div>
   <div class='ocr_carea' id='block_1_3' title="bbox 0 0 1018 3224">
    <p class='ocr_par' dir='ltr' id='par_1_3' title="bbox 0 0 1018 3224">
     <span class='ocr_line' id='line_1_35' title="bbox 0 0 1018 3224; baseline 0 9"><span class='ocrx_word' id='word_1_191' title='bbox 0 0 1018 3224; x_wconf 95' lang='lat' dir='ltr'><strong> </strong></span> 
     </span>
    </p>
   </div>
  </div>
 </body>
</html>
