2072 3332
255 236 404 282 SATIRA
427 236 473 280 111.
712 229 745 283 ld

14 354 18 387 τ
31 335 109 390 fiunt
119 336 256 391 homines,
290 339 358 390 Nam
368 337 391 390 si
403 354 475 390 mora
487 335 590 408 longior
601 335 697 391 Urbem

14 411 94 466 lulsit
104 413 209 482 pueris,
222 430 275 467 non
287 430 417 484 umquam
430 411 512 466 deerit
521 418 635 466 amator:

14 495 122 541 ttentur
135 486 255 552 braccae,
268 486 377 552 cultelli,
391 486 473 550 frena,
486 484 632 558 llagellnm.

14 569 218 635 praetextatos
231 562 347 618 referunt
357 563 481 617 Artaxata
493 578 590 616 mores.
760 572 800 615 tta

191 808 432 868 swan
479 811 541 867 ΙΙΙ.

14 969 53 1007 lG.
69 967 192 1009 Alcaeum
212 969 261 1007 urbe
270 968 399 1006 Urnbricium
409 971 522 1019 Cumasque
532 968 663 1017 migraturum
677 980 747 1017 prore-

35 1032 112 1082 quitur
119 1038 193 1082 poem
210 1032 246 1070 ille
256 1039 322 1070 rutena
333 1031 425 1081 exponit,
436 1045 497 1082 quare
505 1033 569 1070 nom
579 1034 682 1071 discedere
688 1030 746 1083 nupi-

35 1102 66 1142 at,
77 1110 162 1147 nempe,
173 1096 221 1147 qnia
232 1095 254 1134 in
263 1096 311 1133 urbe
320 1096 410 1145 probitas
416 1102 518 1134 contemtu
524 1095 633 1143 annilius
639 1102 745 1146 uqa-m-

35 1159 84 1198 liri·
94 1161 175 1206 llureat,
186 1161 309 1206 adulatores,
318 1160 415 1206 adulteri,
425 1160 522 1199 Graeculi
531 1159 553 1198 in
563 1160 626 1210 gratia
636 1157 746 1205 numiui·

36 1224 79 1262 tiae
89 1225 146 1262 solae
154 1223 222 1273 magni
231 1223 353 1270 habeantur,
360 1237 458 1274 pauperes
468 1223 555 1271 iaceant,
561 1224 652 1274 per-inula
659 1223 746 1263 cirrum·

36 1301 120 1340 qunque
130 1288 259 1334 immineant,
270 1294 390 1337 granatam
399 1288 466 1327 omnia
477 1288 543 1328 intutu
553 1290 646 1328 reddent.

20 1378 162 1455 Quamvis
172 1388 296 1463 digressu
307 1396 402 1444 veteris
411 1387 539 1445 confusus
551 1389 641 1456 amici,

14 1464 64 1519 ado
73 1472 174 1531 tamen,
186 1466 278 1521 vacuis
289 1464 362 1538 quod
371 1465 461 1521 sedem
473 1466 553 1540 figere
565 1464 659 1521 Cumis

14 1541 105 1608 stinet,
117 1548 198 1614 atque
207 1559 293 1597 unum
307 1540 392 1597 civem
402 1541 499 1597 donare
508 1539 635 1616 Sibyllae.

15 1633 66 1669 nna
75 1617 200 1672 Baiarum
211 1624 251 1674 est
260 1624 285 1671 et
292 1624 400 1690 gratum
411 1617 474 1672 litus
485 1617 589 1672 amoeni

15 1708 116 1746 cessus.
147 1693 204 1766 Ego
215 1691 256 1747 vel
267 1693 424 1765 Prochytam
434 1709 567 1765 praepono
576 1692 706 1748 Suburae.
782 1702 795 1746 ⁵

15 1784 53 1820 am
64 1766 132 1838 quid
142 1774 197 1823 tam
208 1767 346 1829 miserum.
355 1776 406 1822 tam
417 1769 505 1824 solum
517 1768 644 1837 vidimus,
653 1777 739 1825 utnon

15 1843 102 1896 iterius
111 1842 203 1897 credas
217 1843 322 1897 horrere
332 1843 460 1904 incendia.
475 1842 565 1914 lapsus

16 1925 114 1972 storum
127 1918 259 1983 assiduos,
274 1935 304 1973 ac
314 1918 387 1973 mille
397 1918 512 1990 pericula
523 1936 617 1974 saevae

16 1993 73 2057 bis,
84 2000 110 2048 at
119 1991 240 2066 Augusto
250 1994 386 2048 recitantes
397 2012 488 2049 mense
500 1993 607 2066 poetas?

16 2068 40 2121 ed
50 2067 115 2122 dnm
128 2075 179 2123 tota
189 2068 286 2123 domus
296 2068 377 2124 rheda
386 2070 553 2141 componitur
563 2087 626 2139 una,
768 2079 794 2122 to

17 2143 107 2196 rbstitit
116 2143 149 2197 ad
159 2152 259 2199 veteres
269 2162 345 2199 arcus
356 2144 545 2218 madidamque
555 2145 699 2218 Capenam.

18 2218 48 2283 ic,
62 2219 107 2272 ubi
119 2227 259 2274 nocturnae
268 2221 356 2274 Numa
366 2221 540 2281 constituebat
553 2222 661 2287 amicae,

17 2310 64 2346 unc
72 2295 136 2349 sacri
146 2292 225 2349 fontis
236 2312 331 2350 nemus
343 2303 369 2350 et
378 2295 487 2351 delubra
497 2296 615 2352 locantur

18 2368 105 2434 idaeis,
119 2387 234 2442 quorum
244 2369 375 2442 cophinus
384 2370 546 2443 foenumque
555 2370 684 2443 supellex,

18 2443 87 2498 »mnis
96 2445 165 2499 enim
175 2444 274 2517 populo
285 2446 430 2502 mercedem
441 2447 553 2518 pendere
564 2448 635 2501 iussa
647 2452 687 2500 est

18 2518 79 2583 ibor,
93 2527 117 2574 et
126 2520 213 2575 eiectis
223 2520 354 2576 mendicat
363 2521 431 2576 silva
442 2521 573 2595 Camenis)

18 2612 28 2645 a
39 2593 125 2650 vallem
134 2595 244 2669 Egeriae
253 2596 439 2652 descendimus
448 2606 473 2652 et
482 2597 621 2670 speluncas

22 2668 224 2727 issimilesveris.
249 2672 353 2739 Quanta
363 2673 539 2743 praestantius
548 2679 617 2728 esset

19 2760 92 2802 rumen
104 2763 195 2820 aquae,
207 2747 287 2802 viridi
296 2747 320 2803 si
330 2748 450 2822 margine
458 2747 590 2805 clauderet
599 2744 685 2805 undas

264 2942 280 2969 λ
