2028 3224
273 312 322 366 111
535 317 748 366 IUVENALIS

270 416 404 485 adtendas,
416 424 546 506 quantum
557 419 590 474 de
599 419 703 493 legibus
714 419 770 491 ipse
783 426 913 491 queratur

270 494 383 549 satorum
395 503 420 549 et
432 494 514 549 nimio
524 495 557 549 de
565 496 685 562 stamine,
699 513 782 567 quum
794 495 866 549 videt
876 496 942 550 acris

271 569 404 624 Antilochi
418 569 528 625 barbam
539 570 680 625 ardentem.
701 572 767 624 Nam
779 572 883 641 quaerit
891 572 926 626 ab
935 589 991 627 omn

270 662 395 717 quisquis
405 645 486 710 adest
498 645 577 712 socio,
589 662 637 699 cur
646 645 727 700 haec
720 664 747 699 rn
759 655 876 716 tempora
886 647 971 713 duret

216 732 255 774 55
231 720 342 792 5quod
352 719 454 775 lacinus
464 717 576 793 dignum
587 726 640 774 tam
651 719 729 794 longo
738 720 875 774 admiserit
885 738 959 777 aevo.

271 796 339 849 Haec
353 796 443 850 eadem
455 795 558 860 Peleus,
575 803 678 867 raptum
695 813 779 867 quum
796 795 870 869 luget
879 797 997 853 Achillen

272 877 350 941 atque
360 870 437 934 alius,
449 870 492 924 cui
503 869 542 924 las
555 871 674 926 1515555555
684 870 773 944 lugere
784 878 929 927 natantem.

272 945 400 999 Incolumi
410 945 485 1000 Troia
500 947 620 1001 Priamus
634 946 748 1001 venisset
757 946 790 1000 ad
800 946 913 1001 'umbras

272 1020 391 1075 Assaraci
402 1021 506 1094 magnis
517 1021 680 1087 solennibus,
692 1022 799 1076 Hectore
807 1020 890 1076 lunus

218 1106 257 1148 250
272 1102 391 1166 portante
400 1112 430 1149 ac
440 1096 549 1167 reliquis
559 1095 670 1151 fratrum
681 1096 837 1162 cervicibus,
854 1098 923 1152 inter

273 1170 386 1224 Iliadum
397 1169 538 1236 lacrumas,
550 1178 580 1226 ut
588 1172 688 1244 primos
697 1172 772 1226 edere
782 1171 905 1243 planctus

274 1245 419 1301 Cassandra
430 1246 562 1317 inciperet,
576 1247 711 1319 scissaque
721 1246 853 1320 Polyxena
864 1249 945 1320 palla,

273 1322 296 1375 si
306 1320 371 1375 foret
380 1321 524 1376 exstinctus
534 1323 638 1377 diverso
648 1329 771 1394 tempore,
784 1340 838 1393 quo
849 1323 903 1378 iam

273 1404 391 1469 coeperat
400 1397 511 1452 audaces
521 1398 594 1452 Paris
604 1396 739 1452 aedificare
748 1397 860 1452 carinas.

220 1483 258 1526 555
274 1474 365 1545 Longa
375 1473 431 1527 dies
441 1473 523 1546 igitur
533 1473 598 1545 quid
609 1472 736 1527 cuntulit?
755 1472 851 1527 Omnia
862 1474 930 1528 vidit

274 1564 373 1612 eversa,
385 1555 410 1601 et
419 1547 533 1602 llammis
543 1547 633 1602 Asiam
645 1547 765 1619 ferroque
774 1547 921 1604 cadentem.

274 1624 349 1677 Tunc
358 1622 434 1677 miles
445 1622 574 1677 tremulus
584 1624 668 1694 posita
679 1623 739 1677 tulit
749 1640 821 1677 arma
832 1624 899 1678 tiara

274 1706 299 1752 et
307 1698 361 1751 ruit
373 1705 432 1752 ante
444 1715 516 1752 aram
527 1699 626 1752 summi
637 1699 715 1763 lovis,
729 1706 759 1753 ut
769 1697 875 1753 vetulus
886 1701 945 1762 bos,

274 1773 322 1845 qui
331 1771 433 1826 domini
445 1771 537 1826 cultris
547 1779 625 1827 tenue
637 1780 662 1827 et
672 1773 820 1827 miserabile
829 1774 931 1830 collum

220 1858 259 1900 270
274 1846 388 1919 praebet,
400 1846 433 1901 ab
443 1847 546 1920 ingrato
555 1848 608 1902 iam
619 1846 750 1903 fastiditus
760 1857 851 1903 aratro.

273 1923 369 1978 Exitus
383 1922 427 1977 ille
436 1930 581 1995 utcumque
590 1923 721 1979 hominis:
743 1923 789 1978 sed
800 1930 872 1978 torva
886 1926 982 1980 canino

274 1998 379 2054 latravit
388 1998 464 2064 rictu
477 2016 545 2070 quae
553 2006 613 2072 post
623 1999 695 2054 hunc
706 1999 814 2059 vixerat
830 2016 911 2055 uxor.

273 2074 380 2129 Festino
389 2075 422 2128 ad
433 2082 544 2139 nostros,
556 2083 582 2130 et
591 2093 679 2164 regem
692 2081 795 2129 transeo
805 2075 891 2139 Ponti,

274 2156 300 2204 et
309 2148 434 2204 Croesum
438 2168 535 2221 ,quem
547 2168 598 2206 vox
609 2152 672 2206 lusti
682 2149 793 2204 facunda
803 2118 908 2204 Solonis

220 2235 259 2278 515
274 2225 402 2295 respicere
411 2193 444 2278 ad
453 2224 564 2299 longae'
556 2227 634 2281 iussit
643 2227 726 2299 spatia
736 2224 827 2279 ultima
839 2226 920 2281 vitae.

274 2298 407 2354 Exsilium
418 2306 443 2353 et
451 2317 537 2355 carcer
547 2303 795 2388 Minturnarumque
808 2299 920 2371 paludes

275 2384 300 2430 et
309 2375 471 2429 mendicatus
483 2376 550 2430 victa
558 2376 716 2451 Carthagine
726 2376 802 2448 panis

275 2451 338 2505 hinc
347 2468 440 2505 causas
450 2452 576 2506 habuere
605 2452 675 2518 Quid
686 2452 763 2507 rllo
741 2469 797 2507 cive
807 2450 913 2508 tulisset

276 2528 389 2580 natura
382 2544 409 2580 m
423 2528 507 2592 terris,
520 2524 675 2614 quiddoma
688 2528 789 2582 beatius
799 2545 942 2598 umquam,

221 2611 260 2655 555
275 2602 308 2665 51,
321 2601 500 2657 circumducto
509 2602 673 2674 captivorum
683 2603 789 2675 agmine
799 2609 824 2655 et
837 2604 913 2656 omni

276 2675 407 2730 bellorum
415 2695 521 2749 pompa,
534 2678 650 2731 animam
660 2677 807 2731 exhalasset
816 2677 945 2748 opimam,

276 2768 363 2823 quum
372 2750 404 2806 de
414 2754 555 2808 Teutonico
568 2751 644 2806 vellet
654 2751 809 2807 descendere
819 2753 920 2807 curru‘l
998 2790 999 2849 l

277 2824 388 2881 Provida
398 2828 523 2900 Pompeio
531 2826 636 2883 dederat
645 2826 788 2898 Campania
798 2825 883 2881 febres
