2072 3332
291 192 323 249 '72
555 198 766 246 IUVENALIS

292 301 412 373 Adspice.
425 318 479 372 quo
490 300 593 355 fremitu
604 309 761 356 monstratos
770 298 886 373 perierat
900 301 978 359 ictus

291 386 316 432 et
325 385 424 449 quanto
436 377 525 450 galeae
533 385 657 432 curvetur
669 377 792 450 pondere,
804 383 913 447 quanta

291 453 435 526 poplitibus
445 452 540 515 sedeat,
553 470 634 524 quam
645 453 726 507 denso
736 451 814 506 fascia
823 451 908 515 libro,

291 528 390 592 atride,
402 529 495 599 positis
504 528 643 600 scaphium
654 545 738 599 quum
749 526 867 581 sumitur
878 528 983 582 arinis.

237 614 276 659 265
290 604 371 658 Dicite
381 621 437 668 vos,
450 611 539 674 neptes
550 602 641 675 Lepidi
651 602 753 657 caecive
762 600 868 666 Metelli,

292 679 412 751 Gurgitis
423 686 467 732 aut
477 679 561 743 Fabii,
572 695 640 749 quae
650 677 723 732 ludia
735 677 861 732 sumserit
871 695 1008 750 umquam

233 778 235 783 ·
292 755 340 808 hos
355 753 478 810 habitus?
499 752 610 819 Quando
624 757 657 807 ad
666 752 757 824 palum
773 754 858 826 gemit
867 770 944 807 uxor
955 754 1009 827 Asy

330 829 438 901 Semper
447 829 525 883 habet
536 829 593 883 lites
604 828 756 900 alternaque
767 828 854 901 iurgia
865 827 965 894 lectus,

293 905 320 959 in
330 923 385 976 quo
395 914 476 977 nupta
487 905 563 959 iacet:
586 904 729 969 minimum
739 904 870 959 dormitur
882 904 911 956 in
921 903 980 959 illo.

239 991 278 1033 270
293 981 368 1034 Tunc
376 982 465 1053 gravis
477 979 522 1036 illa
532 980 597 1045 viro,
609 979 743 1034 tuncorba
754 978 849 1053 tigride
858 979 946 1049 peior.

292 1055 382 1121 Quum
393 1054 500 1109 simulat
508 1055 624 1128 gemitus
633 1054 727 1109 occulti
737 1054 840 1108 conscia
851 1053 924 1120 facti,

292 1138 338 1185 aut
346 1131 401 1185 odit
410 1148 514 1202 pueros,
528 1139 573 1184 aut
582 1130 640 1184 licta
650 1128 742 1201 pellice
751 1129 844 1200 plorat,

291 1206 418 1261 uberibus
428 1223 531 1276 semper
543 1204 668 1260 lacrumis
678 1222 834 1276 semperque
845 1205 947 1276 paratis

292 1283 320 1336 in
330 1282 439 1337 statione
449 1300 497 1336 sua
508 1288 586 1353 atque
595 1281 806 1352 exspectantibus
819 1278 904 1344 illam,

237 1368 275 1410 275
290 1375 344 1430 qno
357 1357 445 1413 iubeat
454 1374 561 1417 manare
572 1356 664 1412 modo:
686 1363 714 1410 tu
723 1356 808 1411 eredis
819 1374 949 1420 amorem,

291 1441 319 1488 tu
331 1434 379 1488 tibi
388 1441 451 1488 tunc
460 1450 569 1487 curruca
579 1431 675 1504 places,
688 1430 832 1503 fletumque
842 1431 946 1486 labellis

291 1509 424 1573 exsorbes‚
438 1526 506 1580 quae
516 1508 611 1579 scripta
620 1516 646 1562 et
655 1514 720 1579 quot
729 1506 825 1562 lecture
835 1505 952 1573 tabellas,

257 1627 258 1630 ,
291 1583 313 1637 si
326 1583 373 1637 tibi
383 1584 516 1657 zelotypae
530 1590 677 1655 retegantur
687 1582 784 1637 scrinia
795 1583 931 1637 moechae!

291 1658 343 1713 Sed
354 1659 418 1712 iacet
427 1659 455 1711 in
465 1657 535 1712 servi
547 1658 729 1729 complexibus
740 1666 785 1712 aut
796 1659 903 1730 equitis.
937 1659 991 1724 Die,

237 1741 275 1783 280
291 1733 333 1788 dic
341 1731 467 1804 aliquem,
478 1732 565 1798 sodes,
579 1732 630 1796 hic,
642 1732 812 1800 Quintiliane,
824 1732 943 1789 colorem.

291 1810 467 1863 »Haeremus1
489 1808 626 1880 dicipsa.«
654 1809 722 1865 Olim
732 1820 892 1874 conuenerat,
905 1809 998 1883 inquit,
1017 1816 1018 1897 l

290 1893 320 1937 ut
326 1889 427 1954 faceres
437 1893 473 1947 tu,
485 1889 553 1954 quod
562 1888 647 1948 uelles,
658 1902 704 1939 aee
714 1902 766 1939 aon
776 1902 821 1954 epo
828 1903 926 1953 possem
1017 1906 1018 1959 l

291 1962 503 2028 indulseremihi.
535 1958 634 2015 Clamas
645 1963 704 2014 lieet
713 1970 738 2014 et
746 1979 818 2015 more
829 1964 896 2015 coelo
1017 2010 1018 2023 ,

292 2039 447 2104 confundas:
466 2039 612 2090 homocum.
642 2034 714 2089 Nihil
724 2043 763 2090 est
773 2035 895 2090 audacius
906 2034 956 2090 illis
1017 2040 1018 2101 l

237 2118 275 2161 285
290 2109 439 2180 deprensis:
461 2110 527 2165 iram
541 2118 620 2182 atque
630 2111 733 2165 animos
743 2129 757 2165 a
767 2112 875 2165 crimine
884 2122 999 2167 sumunt.
1017 2146 1018 2171 ι

291 2185 366 2239 Unde
375 2185 439 2239 haec
447 2194 564 2240 monstra
573 2193 660 2241 tamen
671 2184 712 2241 vel
721 2187 812 2258 quode
820 2186 893 2251 lonte,
902 2187 1018 2269 requiris]

291 2260 440 2314 Praestabat
448 2269 532 2315 castas
542 2260 653 2316 humilis
664 2260 766 2317 fortuna
777 2263 881 2317 Latinas

291 2337 435 2407 quondam,
451 2337 578 2390 necvitiis
587 2337 703 2411 contingi
713 2357 794 2410 parva
804 2337 900 2392 sinebat

292 2418 356 2465 tecta
366 2409 447 2476 labor,
459 2412 599 2482 somnique
612 2410 712 2477 breves,
725 2422 749 2468 et
760 2412 853 2468 vellere
863 2414 939 2468 Tusco

237 2496 276 2538 290
291 2487 540 2558 vexataeduraeque
550 2504 654 2548 manus.
667 2505 697 2542 ac
705 2490 843 2560 proximus
854 2488 911 2544 Urbi

290 2560 430 2626 Hannibal,
443 2570 468 2615 et
477 2569 574 2616 stantes
585 2560 686 2633 Collina
696 2565 724 2619 iu
734 2571 806 2618 turre
816 2562 905 2618 mariti.

291 2637 368 2689 Nunc
377 2637 491 2707 patimur
501 2635 594 2709 longae
603 2637 673 2707 pacis
684 2639 761 2693 mala.
792 2638 892 2694 Saevior
901 2639 972 2694 armis

292 2709 397 2764 luxuria
406 2711 535 2776 incubuit,
547 2713 700 2784 victumque
712 2713 847 2768 ulciscitur
856 2714 934 2772 orbem
