2028 3224
262 271 294 323 84
525 278 737 323 IUVENALIS

262 375 336 430 lllam
351 394 399 450 ego
412 394 463 432 non
474 377 588 443 tulerim,
603 396 671 450 quae
681 385 827 449 computat,
840 386 870 433 et
882 368 993 461 scelusil

681 471 728 507 ens

260 545 323 581 sana
334 526 402 582 lacit.
432 527 554 599 Spectant
563 471 721 583 subeungtem
732 527 782 583 lata
793 530 890 584 mariti

261 602 395 667 Alcestim,
407 609 441 668 et,
453 603 549 658 similis
561 604 585 657 si
595 603 751 675 permutatio
760 603 848 670 detur,

263 686 345 732 morte
355 679 404 733 viri
415 679 523 750 cupiant
535 679 651 733 animam
662 697 766 733 servare
774 680 902 735 catellae.

207 766 244 807 otu
260 754 402 809 Occurrent
412 753 510 808 multae
519 755 566 809 tibi
577 753 678 808 Belides
688 763 766 826 atque
776 756 931 829 Eriphylae

262 847 352 884 mane:
375 828 608 904 Clytaemnestram
620 829 712 884 nullus
723 847 774 884 non
788 829 867 884 vicus
878 831 991 885 habebit

263 907 315 959 Hoc
324 912 426 959 tantum
438 905 523 970 refert,
537 904 610 977 quod
620 905 750 977 Tyndaris
761 904 806 959 illa
816 906 968 977 bipennem
993 940 994 977 3

262 979 391 1035 insulsam
404 988 430 1035 et
439 981 537 1035 fatuam
548 981 620 1035 laeva
630 981 774 1052 dextraque
783 981 904 1035 tenebat.

262 1058 295 1110 nt
306 1073 377 1110 nunc
386 1073 427 1109 res
438 1057 525 1129 agitur
534 1057 605 1110 tenui
617 1055 743 1127 pulmone
753 1056 877 1122 rubetae,

208 1142 246 1183 rto
261 1132 307 1186 sed
318 1137 404 1186 tamen
415 1139 440 1184 et
449 1131 525 1195 terro,
536 1131 558 1185 si
568 1141 747 1205 praegustaret
757 1131 862 1185 Atrides

263 1207 367 1262 Pontica
376 1213 415 1261 ter
425 1207 485 1262 victi
495 1214 588 1261 cautus
598 1206 771 1262 medicamrna
782 1208 863 1281 regis.

458 1453 696 1511 SA‘TIRA
738 1453 821 1515 vll.

263 1606 336 1642 ABG.
355 1603 439 1642 Miraris
452 1602 574 1640 describitur
587 1608 607 1640 et
620 1609 741 1649 contemtus,
754 1616 794 1655 quo
805 1602 886 1642 iscesnt
898 1605 921 1650 ii,
932 1606 963 1656 qni
974 1594 996 1642 rr}

309 1667 364 1704 tibus
375 1666 476 1711 studeant,
492 1672 515 1702 ur
528 1671 606 1714 poetse,
616 1665 717 1712 historici,
731 1664 837 1712 causidici,
849 1667 938 1707 riri-rores
946 1677 996 1719 atqu<

310 1728 440 1777 grammatici,
456 1728 477 1765 in
487 1735 559 1775 scrire,
570 1728 591 1767 in
602 1742 640 1779 qus
649 1730 715 1768 omnis
725 1728 783 1767 luxui
794 1735 854 1780 stquc
862 1733 941 1770 divitiis
951 1741 996 1782 poro

309 1793 427 1847 habeantur.

302 1869 341 1932 Et
350 1891 411 1948 spes
420 1882 445 1931 et
454 1875 519 1930 ratio
529 1874 676 1931 studiorum
688 1872 716 1928 in
726 1873 835 1930 Caesare
848 1883 964 1933 tantum:

263 1953 336 2011 solus
346 1953 416 2007 enim
429 1951 514 2007 tristes
524 1951 573 2006 hac
582 1958 732 2021 tempestate
742 1949 869 2004 Camenas

264 2029 386 2101 respexit,
397 2044 481 2099 quum
494 2027 544 2081 iam
559 2025 672 2080 celebres
683 2025 790 2096 notique
800 2034 887 2094 poetae

265 2103 413 2161 balneolum
424 2102 525 2165 Gabiis,
537 2103 633 2156 Romae
643 2099 786 2155 conducere
796 2099 885 2154 furnos

210 2197 221 2237 s
265 2187 399 2242 tentarent,
412 2195 460 2233 nec
470 2177 574 2232 foedum
585 2175 629 2231 alii
640 2193 686 2230 nec
698 2184 775 2246 turpe
785 2183 902 2245 putarent

265 2271 405 2330 praecones
418 2253 482 2315 lieri,
494 2270 589 2323 quum,
602 2251 710 2306 desertis
722 2251 869 2323 Aganippes

266 2331 389 2395 vallibus,
400 2327 518 2384 esuriens
529 2327 652 2400 migraret
663 2327 689 2381 in
698 2326 761 2380 atria
773 2324 838 2381 Clio.

265 2410 332 2463 Nam
344 2405 366 2460 si
380 2403 463 2459 Pieria
474 2401 607 2474 quadrans
617 2401 663 2455 tibi
675 2400 765 2455 nullus
776 2400 801 2454 in
813 2417 869 2455 arca

265 2481 424 2543 ostendatur,
436 2494 508 2533 ames
519 2493 613 2532 nomen
624 2476 776 2548 victumque
786 2475 934 2539 Machaerae,

213 2569 238 2610 ro
265 2566 290 2611 et
299 2555 398 2609 vendas
407 2553 504 2625 potius,
516 2551 654 2606 commissa
665 2551 737 2623 quod
750 2550 834 2605 auctio
844 2550 923 2604 vendit

267 2630 408 2691 stantibus,
419 2627 609 2698 oenophorum,
624 2626 748 2697 tripodas,
761 2626 878 2691 armaria,
890 2627 968 2690 cistas,

268 2702 411 2776 Alcyonem
424 2701 507 2767 Pacct‚
521 2700 623 2754 Thebas
633 2709 658 2756 et
668 2702 746 2755 Terea
756 2701 855 2755 Fausti.

267 2779 322 2833 lloc
330 2776 422 2842 satius,
434 2792 515 2848 quam
525 2776 548 2830 si
558 2774 629 2830 dicas
642 2775 694 2831 sub
707 2775 801 2841 iudice,
813 2774 877 2842 Vidi,
