2028 3224
66 2778 122 2793 ,Mu

196 306 198 309 ,
270 254 302 306 98
516 260 726 307 IUVENALIS

269 359 355 431 turpia
366 358 471 414 cardoni
475 402 482 425 ,
493 359 601 416 Volesos
610 363 776 433 Brutumque
785 361 944 416 docebunt?

270 434 349 502 Quid,
363 435 386 488 si
397 453 536 507 nunquam
546 435 610 491 adeo
620 437 702 493 foedis
713 437 831 509 adeoque
842 437 978 508 pudendis

269 511 370 565 utimur
380 511 518 582 exemplis,
530 519 622 566 utnon
633 513 719 584 peiora
730 512 889 585 supersint?

216 596 254 639 185
269 586 423 641 Consumtis
435 587 530 657 opibus
541 604 640 652 vocem,
653 588 819 658 Damasippo,
836 587 932 642 locasti

269 661 375 733 sipario,
392 659 537 716 clamosum
551 680 640 734 ageres
651 672 681 717 ut
690 663 802 718 Phasma
813 662 926 719 Catulli.

270 736 428 792 Laureolum
440 736 517 792 velox
527 738 605 792 etiam
614 739 681 793 bene
690 738 819 793 Lentulus
829 739 896 812 egit,

270 812 684 885 iudicemedignusveracruce.
713 815 767 867 Nec
777 821 867 867 111111
877 814 933 884 ipsi

270 889 391 961 ignoscas
400 888 512 959 populo;
534 888 624 960 populi
636 888 708 943 frons
718 888 809 942 durior
818 889 915 955 huius,

216 972 254 1015 111
269 965 316 1035 qui
326 963 431 1017 sedetet
440 971 538 1035 spectat
547 965 682 1019 triscurria
692 965 872 1035 patriciorum,

270 1038 423 1110 planipedes
434 1040 507 1093 audit
517 1040 621 1107 Fabios,
634 1040 718 1094 ridere
726 1047 812 1111 potest
821 1039 871 1111 qui

269 1115 461 1168 Mamercorum
470 1113 569 1185 alapas.
600 1114 699 1182 Quanti
709 1133 758 1169 sua
766 1114 860 1169 lunera
871 1098 992 1169 vendantl

270 1189 336 1261 quid
346 1187 444 1243 relert‘l'
457 1188 582 1245 Vendunt
591 1190 666 1245 nullo
675 1199 782 1263 cogente
794 1192 909 1256 Nerone,
991 1188 992 1223 1

270 1282 318 1318 noc
327 1264 449 1318 dubitant
459 1264 524 1318 celsi
533 1268 659 1335 praetoris
670 1266 783 1321 vendere
792 1265 875 1320 ludis.
991 1252 992 1301 1

217 1350 255 1392 tte
270 1340 355 1413 Finge
364 1347 451 1394 tamen
461 1340 564 1413 gladios
574 1341 645 1406 inda,
663 1349 742 1412 atque
752 1341 815 1395 hinc
824 1341 930 1413 pulpita
941 1354 992 1413 pont

270 1415 336 1488 quid
347 1414 448 1470 satius?
466 1417 576 1471 Mortem
587 1417 625 1470 sic
634 1417 779 1488 quisquam
789 1418 939 1480 exhorruit,
952 1428 992 1471 uts

270 1490 408 1565 zelotypus
420 1491 571 1565 Thymeles,
582 1492 682 1563 stupidi
692 1491 790 1565 collega
800 1493 943 1547 Corinthi?

271 1567 322 1620 Res
334 1567 407 1621 haud
416 1567 482 1622 mira
493 1577 590 1630 tamen,
601 1566 749 1622 citharoedo
760 1567 890 1639 Principe,
904 1571 992 1623 mimus

271 1640 378 1695 nobilis.
410 1643 477 1696 Haec
490 1642 559 1696 ultra
573 1643 640 1715 quid
655 1644 712 1707 erit,
730 1643 780 1697 nisi
795 1641 900 1699 horst
914 1645 949 1699 Et
959 1646 987 1699 1111

216 1726 256 1768 200
271 1716 383 1770 dedecus
394 1716 472 1770 Urbis
481 1717 576 1772 habes:
598 1735 646 1773 nec
659 1717 828 1773 mirmillonis
839 1719 867 1773 in
881 1722 972 1775 armis.

272 1809 319 1846 nec
333 1790 426 1865 clypeo
435 1791 583 1848 Gracchum
595 1802 766 1868 pugnantem,
779 1802 823 1848 ant
834 1792 900 1849 11111
916 1798 986 1868 supin

272 1865 390 1941 [damnat
400 1867 472 1921 enirn
482 1867 547 1922 tales
557 1869 678 1938 habitus3
700 1876 725 1923 et
734 1868 843 1923 damnat
852 1878 877 1924 et
886 1871 953 1947 odit]

272 1960 319 1997 nee
327 1943 401 2016 galea
411 1942 524 1998 frontem
533 1945 682 2000 abscondit:
704 1952 792 2000 movet
803 1948 957 2004 eccetriden

271 2027 411 2090 postquam
426 2019 527 2074 vibrata
537 2021 679 2091 pendentia
687 2020 750 2074 retia
761 2020 852 2075 dextra

217 2104 255 2146 205
271 2094 454 2166 nequidquam
463 2095 564 2149 effudit.
596 2096 704 2150 Nudum
716 2095 749 2150 ad
759 2096 907 2166 spectacula
917 2096 993 2154 vultui

272 2170 358 2241 erigit,
371 2177 395 2222 et
405 2177 455 2223 tota
464 2170 532 2243 fugit
541 2171 724 2244 agnoscendus
733 2187 821 2225 arena.
992 2180 993 2241 Τ

272 2243 418 2299 Credamus
428 2246 540 2311 tunicae,
552 2246 585 2300 de
595 2246 719 2301 lancibus
727 2264 804 2301 111111
818 2264 904 2318 quum
914 2267 943 2305 se

272 2320 389 2393 porrigat
397 2327 422 2373 et
432 2319 511 2393 longo
522 2320 629 2375 iactetur
638 2323 712 2393 spira
719 2321 817 2395 galero.

272 2396 343 2468 Ergo
354 2395 527 2467 ignominiam
539 2397 687 2469 graviorem
697 2397 805 2469 pertulit
813 2399 886 2453 omni

219 2479 258 2521 210
273 2471 383 2524 vulnere
393 2487 454 2523 curn
465 2470 584 2525 Graccho
598 2472 688 2526 iussus
700 2490 817 2545 pugnare
828 2481 935 2529 secutor.

311 2544 406 2598 Libera
416 2544 439 2597 si
449 2544 545 2598 dentur
555 2545 652 2616 populo
662 2547 796 2620 suffragia,
808 2542 870 2619 riuis
880 2558 932 2604 tarn

275 2617 402 2685 perditus,
414 2626 443 2671 ut
453 2618 554 2671 dubitet
564 2619 688 2683 Senecam
698 2620 826 2691 praeferre
835 2624 938 2691 Neroni,

276 2690 353 2742 cuius
364 2691 494 2761 supplicio
507 2708 559 2745 non
569 2693 660 2748 debuit
670 2714 722 2750 una
732 2697 818 2765 parari

279 2762 366 2828 simia,
379 2781 426 2818 nec
435 2782 543 2836 serpens
556 2784 637 2834 unns,
650 2786 698 2823 neo
707 2770 799 2824 culeus
808 2773 898 2828 unus?
