2028 3224
243 310 387 356 samma
405 311 474 358 vm.
697 305 731 361 tt

6 419 46 466 cte
56 410 191 483 quidem,
213 411 258 465 sed
272 409 336 464 luna
345 411 426 476 videt,
437 411 482 465 sed
493 411 579 465 sidera
588 418 666 466 testes

6 485 123 541 endunt
132 486 235 540 oeulos.
263 487 383 540 Finitum
392 496 497 559 tempus
507 487 615 541 honoris
748 498 787 542 15⁰

6 580 60 615 um
72 560 168 626 fuerit,
179 560 248 615 ciam
259 562 435 634 Damasippus
445 563 502 616 luce
511 560 646 634 flagellum

6 646 72 697 met,
85 644 114 690 et
123 653 265 691 occursum
276 655 410 708 nusquam
420 636 560 708 trepidabit
569 637 647 691 amici

6 731 25 764 n
37 713 129 775 senis,
142 729 172 765 ac
183 713 256 784 virga
266 711 337 782 prior
347 712 453 775 adnuet,
465 721 544 783 atque
553 710 686 785 maniplos

6 787 70 852 luet,
82 795 111 840 et
121 785 244 840 infundet
251 787 376 841 iumentis
386 787 482 842 hordea
492 786 578 842 lassis.

6 870 88 925 terea.
102 860 172 915 dum
182 861 281 916 lanatas
290 870 450 934 torvumque
462 863 607 917 iuvencum
747 875 786 916 155

6 956 48 991 ore
58 938 262 992 Numaeeaedit
271 937 341 991 iovis
350 936 519 1002 antealtaria,
531 938 601 991 iurat

6 1012 61 1066 lam
72 1013 198 1083 Eponam
209 1019 234 1066 et
242 1011 320 1066 iacies
329 1012 398 1067 olida
409 1013 442 1067 ad
452 1013 584 1084 praesepia
594 1013 687 1083 pictas.

6 1088 25 1139 d
38 1105 133 1159 quum
146 1086 288 1160 pervigiles
297 1087 381 1159 placet
391 1089 537 1142 instaurare
545 1088 672 1159 popinas;

6 1163 76 1217 vius
87 1161 203 1217 adsiduo
212 1162 395 1235 Syrophoenix
405 1163 476 1217 udus
489 1180 593 1218 amomo

9 1257 37 1290 rr
39 1237 70 1302 it,
83 1237 226 1291 idumaeae
235 1238 419 1311 Syrophoenix
430 1237 513 1292 incola
525 1247 786 1309 portae‚1ot

6 1313 95 1383 isprtrs
105 1311 198 1367 affectu
208 1312 347 1367 dommum
357 1331 499 1387 regemque
509 1313 612 1378 salutat

13 1406 80 1442 cum
92 1387 180 1441 venali
192 1387 281 1461 Cyane
291 1388 421 1443 succincta
432 1388 531 1460 lagena.

14 1463 146 1517 Defensor
154 1462 247 1533 culpae
260 1462 327 1517 droet
336 1463 417 1519 mihi
437 1464 557 1518 Feormue
565 1471 646 1517 etnoe

6 1557 41 1592 ,ee
51 1555 170 1593 euoenon.
199 1539 272 1591 Esto.
302 1539 396 1592 Desisti
406 1556 510 1610 nempe,
522 1554 570 1592 nec
580 1536 647 1592 ultra

6 1613 71 1667 visti
83 1628 220 1667 errorem..
239 1614 320 1668 Breve
329 1614 372 1678 sit,
385 1614 457 1685 quod
467 1614 579 1685 turpiter
589 1612 679 1667 audes.
748 1623 788 1667 itt

6 1689 120 1747 uaedam
130 1705 193 1743 cum
204 1688 289 1759 prima
299 1696 447 1744 resecentur
457 1688 568 1743 erimina
578 1687 668 1743 barba.

6 1764 97 1836 niulge
106 1763 213 1817 veniam
224 1763 323 1834 pueris.
352 1765 527 1837 Damasippus
538 1763 571 1818 ad
582 1762 641 1818 illos

9 1856 149 1893 ermarum
158 1837 252 1892 oaiioes
263 1839 441 1911 inscriptaque
451 1839 530 1894 lintea
541 1838 622 1907 vadit,

8 1922 105 1968 aturus
116 1913 195 1977 bello¹
208 1914 346 1968 Armeniae
355 1915 500 1988 Syriaeque
509 1913 614 1968 tuendis

6 1990 110 2043 onibus
121 1995 147 2042 et
159 1988 340 2061 Rhenoatque
347 1991 420 2045 Istro
450 1992 582 2045 Praestare
592 1991 723 2045 Neronem
749 1999 791 2042 rto

6 2081 108 2118 eurum
119 2062 348 2120 valethaecaetas.
377 2067 450 2121 Mitte
463 2065 545 2130 Ostia,
557 2064 662 2130 Caesar,

6 2140 19 2192 ii
21 2148 73 2205 t;te
95 2139 182 2194 sedin
195 2157 291 2213 magna
302 2139 417 2214 legatum
427 2159 524 2227 quaere
533 2140 644 2212 popina:

6 2214 104 2268 ivenies
114 2213 206 2286 aliquo
215 2232 276 2270 oum
288 2233 441 2286 percussore
450 2217 586 2282 iacentem,

6 2290 150 2344 ermixtum
160 2291 248 2344 nautis
258 2300 303 2345 aut
312 2289 417 2347 iuribus
429 2299 474 2346 aut
482 2290 612 2366 fugitivis

6 2373 53 2418 iter
61 2363 199 2418 carnifices
208 2372 233 2420 et
243 2363 329 2422 fabros
339 2366 537 2438 sandapilarum
751 2375 789 2417 175

6 2439 164 2510 ;resupinati
175 2442 302 2495 cessantia
312 2449 441 2515 tympana
449 2442 529 2507 Gaui,

6 2532 70 2585 equa
82 2514 129 2568 ubi
140 2514 256 2580 libertas,
267 2517 418 2595 communia
428 2517 530 2590 pocula,
543 2515 625 2570 iectus

5 2607 38 2643 on
50 2589 120 2644 alius
129 2589 264 2661 cuiquam,
280 2609 327 2646 nee
336 2609 428 2647 mensa
439 2592 561 2647 remotior
570 2589 630 2645 ulii.

6 2663 157 2728 nidtacias
170 2664 247 2719 talem
257 2667 374 2728 sortitus
386 2668 498 2732 Pontice,
511 2665 637 2720 servum‘?

6 2739 109 2811 iempe
102 2758 129 2792 in
140 2740 260 2796 Lucanos
269 2748 315 2795 aut
325 2732 409 2796 Tusca
419 2741 551 2827 ergastula
560 2741 658 2795 mittas.
753 2750 791 2791 tto

6 2822 88 2879 tvos,
101 2814 272 2888 Troiugenae,
283 2816 377 2872 vobis
370 2817 514 2889 ignoscitis
526 2825 559 2879 et,
574 2832 643 2886 quae

27 2908 145 2962 lernen.
603 2903 627 2958 G
