2072 3332
250 509 370 563 Vindicta
376 521 514 581 postquam
526 532 597 570 meus
606 535 624 569 c
631 526 753 584 praetore
761 526 865 583 receset,

247 602 295 638 cur
303 587 366 638 milri
374 603 427 641 non
436 591 521 653 liccat,
532 594 608 644 iussit
618 597 793 661 quodcumque
802 597 935 661 uoluntas,

191 667 217 711 111
245 668 361 726 eccepto,
372 667 469 730 siquid
479 664 697 721 Mcourtrubricc
707 666 822 722 votavit?

284 734 366 799 Disce,
378 735 433 807 (sed
444 737 482 792 ira
492 738 567 793 cedat
576 757 640 795 naso
650 759 800 814 rugosaque
808 743 915 819 sanna)

247 809 311 863 dum
323 816 422 866 veteres
432 813 505 867 avias
515 814 563 868 tibi
572 815 606 870 de
615 817 741 888 pulmone
751 816 855 872 revello.

248 885 306 939 Nou
316 887 441 955 praetoris
449 895 512 949 eret,
525 889 613 945 stultis
622 890 685 946 dara
695 893 783 947 tenuia
793 910 883 948 rerum

247 958 341 1024 oliicia,
354 968 432 1033 atque
444 981 522 1017 usum
533 965 639 1036 rapidae
647 968 797 1038 permittere
805 968 882 1024 vitae

191 1042 217 1086 95
245 1034 403 1091 Sembucam
414 1038 492 1092 citius
502 1039 727 1112 celoniuptaveris
737 1042 798 1097 aito.

246 1109 301 1164 Stat
309 1119 398 1166 contra
411 1114 484 1177 ratio,
496 1122 522 1169 et
530 1123 654 1170 secretam
664 1118 758 1190 gannit
768 1118 794 1172 in
807 1135 913 1188 aurem3

247 1202 280 1238 ne
290 1185 364 1240 liceat
375 1186 458 1242 iacere
468 1189 504 1254 id,
516 1191 587 1261 quod
598 1192 659 1263 quis
669 1190 771 1248 vitiabit
781 1192 893 1266 agendo.

247 1259 354 1314 Publice
363 1260 406 1316 lex
416 1262 556 1319 hominum
568 1274 714 1338 naturaque
722 1268 835 1322 continet
846 1268 896 1324 hoc
904 1266 957 1336 ies,

245 1342 275 1390 ut
284 1342 369 1390 teneat
378 1337 471 1392 vetitos
482 1339 583 1395 inscitia
596 1341 690 1396 debilis
699 1350 783 1397 actus.

191 1419 230 1462 1111
245 1409 330 1464 Diluis
340 1410 512 1478 helleborum,
525 1423 594 1471 certo
603 1432 766 1489 compescere
777 1424 874 1488 puncto

245 1486 350 1541 nescius
360 1491 490 1546 examen?
512 1492 585 1546 Vetat
595 1492 645 1546 hoc
654 1500 746 1548 natura
756 1493 890 1549 medendi.

246 1560 341 1616 Navim
353 1562 376 1617 si
386 1572 475 1634 poscat
484 1565 536 1620 sibi
547 1575 687 1638 peronatus
698 1576 782 1622 arator

245 1635 345 1692 luciferi
355 1638 440 1704 rudis,
453 1640 582 1696 exclamet
593 1643 731 1709 Melicerta,
747 1644 845 1715 perisse

244 1709 355 1766 frontem
366 1714 492 1770 derebus.
523 1716 581 1771 Tibi
593 1725 661 1773 recto
670 1719 758 1774 vivere
768 1717 819 1773 talo

191 1793 229 1837 1111
244 1803 286 1840 ars
296 1786 385 1842 dedit‘?
402 1797 427 1843 et
438 1791 491 1844 veri
502 1791 613 1862 speciem
625 1793 777 1867 dignoscere
788 1792 877 1859 calles,

245 1879 279 1916 ne
287 1879 340 1933 qua
350 1863 487 1920 subaerato
497 1868 654 1922 mendosum
665 1870 683 1923 ti
687 1870 759 1924 nniot
770 1867 852 1923 auro‘?

243 1950 365 2009 quaeque
379 1941 514 2011 sequenda
528 1942 611 1997 iorent
625 1952 649 1997 et
663 1963 733 2016 quae
743 1943 848 1999 vitanda
861 1944 991 2007 vicissim.

244 2010 288 2065 illa
299 2013 373 2084 prius
382 2022 459 2080 creta,
472 2035 535 2073 mox
544 2017 608 2073 bueo
618 2020 730 2075 carbone
740 2017 853 2075 notasti?

243 2105 271 2141 es
282 2088 400 2143 modicus
410 2090 482 2145 voti‘i
500 2111 591 2165 presso
600 2093 671 2148 lare‘?
689 2094 775 2150 dulcis
787 2092 899 2150 amicis?

189 2172 228 2216 110
243 2163 295 2217 iam
307 2180 379 2218 nune
387 2166 545 2240 adstringes.
558 2170 610 2223 iam
622 2187 692 2224 nunc
701 2172 822 2244 granaria
834 2168 927 2223 laxes?

243 2237 325 2309 inque
338 2237 393 2293 luto
403 2241 487 2295 fixum
497 2244 583 2313 possis
594 2246 775 2302 transcendere
785 2261 937 2312 nummum,

242 2330 290 2367 nec
298 2312 373 2386 gluto
382 2316 488 2385 sorbere
496 2318 607 2375 salivam
617 2321 816 2376 Mercurialem?

241 2388 314 2444 Haec
323 2406 380 2444 ntea
388 2400 456 2454 eunt,
470 2401 549 2463 teneo,
561 2412 646 2466 quum
655 2414 716 2450 vere
725 2396 833 2463 dixeris
846 2410 901 2457 esto

242 2463 361 2536 liberque
370 2482 400 2519 ac
409 2466 523 2538 sapiens,
535 2471 698 2540 praetoribus
708 2489 738 2526 ac
747 2474 808 2529 love
817 2477 916 2533 dextro.

187 2548 226 2591 111
240 2538 288 2593 Sin
301 2547 339 2604 tu,
349 2559 435 2611 quum
445 2541 526 2596 fueris
536 2546 737 2617 nostraepauilo
747 2555 807 2602 ante
817 2551 924 2620 farinae,

241 2612 392 2680 pelliculam
402 2623 515 2670 veterem
526 2620 630 2685 retines,
642 2629 667 2674 et
676 2621 760 2677 fronte
769 2622 867 2695 politus

241 2691 354 2737 astutam
365 2688 460 2756 vapido
470 2707 559 2745 servas
572 2695 623 2748 sub
632 2703 734 2765 pectore
747 2697 869 2769 vulpem:

242 2771 310 2823 quae
319 2756 440 2812 dederam
452 2781 540 2832 supra,
554 2775 649 2838 repeto,
662 2769 807 2842 funemque
816 2776 921 2832 reduco.

241 2825 284 2879 Nil
296 2827 343 2911 tibi
353 2835 480 2886 concessit
489 2838 569 2905 ratio;
591 2842 704 2913 digitum
715 2862 817 2903 exsere:
839 2854 937 2921 peccas.

189 2907 227 2950 ltu
241 2899 345 2970 Ecquid
355 2909 407 2956 tam
417 2921 530 2976 parvum
541 2912 600 2967 est?
618 2915 664 2970 sed
675 2918 749 2972 nullo
759 2921 836 2978 thure
846 2925 945 2996 litabis,
