2028 3224
269 282 416 330 aarum
433 247 499 327 nr,¹
582 261 584 267 '
700 275 744 327 ror

118 548 122 551 *
201 590 438 649 §nullan
487 590 547 645 IX.

7 758 65 797 ΒΘ.
81 756 217 808 Colloquitur
230 768 274 793 cum
286 757 377 794 Naevolo
388 756 506 805 paedioone,
515 754 551 807 qui
561 753 678 805 pauperiem
691 771 746 797 ruam

34 823 145 873 deplorat,
160 822 185 859 de
197 821 270 858 ditium
280 820 409 859 cinaedorum
418 819 502 858 avaritia
512 827 603 872 quertua.
626 822 747 861 consolatur

33 899 87 924 eum
100 892 174 936 poeta:
192 891 213 923 ut
225 886 262 923 illa
275 898 329 935 rpem
343 897 421 923 omnam
434 884 512 931 abiicit,
525 898 585 936 aeque
603 885 644 925 sato
653 887 678 925 nd
687 886 744 925 miro-

36 949 94 988 riam
104 963 148 987 oue
158 947 280 988 destinatum
290 949 386 988 ostendit.

25 1048 91 1114 lor.
114 1056 186 1113 Scire
198 1056 289 1121 velim,
304 1073 385 1129 quare
393 1057 468 1112 toties
477 1057 552 1122 mihi,
564 1057 686 1124 Naevole,
698 1059 744 1114 tri-

404 1133 452 1187 stis

7 1223 128 1271 ocurras,
141 1206 225 1262 ironte
234 1206 355 1272 obducta,
371 1225 419 1263 eeu
429 1209 532 1283 Marsya
542 1209 638 1264 victus.

7 1282 63 1338 luid
74 1283 126 1338 tibi
137 1300 198 1338 oum
212 1282 298 1346 vultu,
311 1283 416 1354 qualem
426 1284 571 1355 deprensus
582 1285 695 1339 habebat

7 1358 104 1422 ravola,
117 1359 185 1414 dum
195 1359 334 1429 Rhodopes
343 1357 394 1413 uda
405 1361 464 1413 terit
474 1360 585 1433 inguina
597 1358 698 1414 barba?

7 1434 59 1487 Nos
70 1433 216 1504 colaphum
226 1433 371 1487 incutimus
381 1433 507 1489 lambenti
517 1433 634 1489 crustula
644 1432 742 1509 servo]
753 1502 756 1509 Δ
789 1447 800 1488 5

7 1509 52 1564 ton
63 1517 121 1563 erat
133 1509 182 1563 hac
191 1507 256 1562 iaoie
266 1508 440 1564 miserabilior
449 1509 602 1581 Crepereius

7 1583 90 1650 ollio,
104 1584 162 1656 qui,
176 1583 303 1655 triplicem
314 1602 424 1640 usuram
435 1592 565 1657 praestare
576 1593 691 1656 paratus,

8 1658 98 1724 irouit,
110 1667 135 1715 et
145 1658 231 1714 fatuos
241 1677 293 1714 non
304 1659 414 1715 invenit.
449 1660 523 1715 Unde
533 1672 637 1732 repente

8 1740 29 1787 >t
40 1734 145 1809 rugae?
163 1734 239 1790 Certe
247 1735 350 1790 modioo
357 1743 504 1801 contentus,
517 1738 613 1811 agebas

8 1826 105 1865 'ernam
117 1811 243 1883 equitem,
255 1810 365 1866 conviva
376 1812 431 1866 ioco
441 1811 575 1867 mordente
584 1811 691 1877 faoetus,
776 1823 801 1865 lo

9 1891 19 1937 t
30 1886 137 1940 salibus
146 1885 289 1941 vehemens
299 1886 366 1941 intra
377 1887 509 1958 pomoeria
519 1887 596 1942 natis.

8 1958 94 2017 lmuia
105 1978 178 2016 nuno
186 1968 289 2016 eontra:
310 1961 401 2017 vultus
410 1962 511 2036 gravis,
524 1963 629 2017 horrida
639 1965 722 2017 siooae

8 2033 64 2091 ilva
74 2053 175 2101 oomae,
188 2035 279 2091 nullus
290 2043 342 2092 tota
353 2038 421 2093 nitor
431 2038 459 2093 in
469 2045 537 2103 oute,
549 2037 656 2110 qualem

8 2113 146 2167 rraestabat
158 2112 236 2166 calidi
246 2112 393 2167 circumlita
403 2112 482 2168 fascia
495 2113 575 2169 visci:

8 2186 192 2242 ediruticante
202 2186 254 2258 pilo
265 2188 380 2261 neglecta
392 2197 417 2243 et
427 2188 548 2261 squalida
557 2207 643 2245 crura.
776 2200 800 2241 to

8 2258 68 2324 >uid
78 2263 175 2317 macies
184 2262 255 2336 aegri
265 2265 369 2328 veteris,
381 2281 461 2335 quem
472 2272 587 2337 tempore
598 2265 676 2337 longo

8 2344 76 2391 orret
86 2346 179 2410 quarta
188 2338 245 2393 dies
254 2337 372 2410 olimque
381 2339 521 2395 domestica
532 2339 633 2413 febris?

9 2411 147 2483 laprandus
157 2413 240 2468 animi
250 2420 377 2469 tormenta
386 2413 489 2470 latentis
500 2416 527 2470 in
538 2432 615 2488 aegro

9 2501 112 2559 nrpore,
124 2488 271 2561 deprendas
279 2498 305 2543 et
313 2490 422 2563 gaudia:
444 2491 527 2545 sumit
535 2498 679 2560 utrumque

9 2562 189 2619 indehabitum
202 2562 290 2621 iacies.
319 2565 403 2638 Igitur
414 2564 520 2621 flexisse
529 2564 627 2621 videris
775 2575 801 2617 to

9 2641 171 2709 propositum,
184 2647 210 2694 et
218 2640 287 2695 vitae
296 2641 442 2696 contrarius
451 2642 489 2697 ire
500 2640 589 2712 priori.

9 2712 89 2785 Nuper
98 2716 179 2781 enim,
192 2723 223 2769 ut
231 2724 326 2787 repeto,
338 2715 429 2771 fanum
441 2715 736 2789 leidisetGanymeden,

9 2786 82 2857 Pacis,
94 2797 119 2846 et
127 2790 249 2848 advectae
259 2799 354 2848 secreta
365 2791 459 2862 palatia
470 2791 570 2858 Matris,
