2028 3224
281 294 313 345 86
546 299 755 346 IUVENALIS

280 407 305 454 et
315 417 383 472 quae
392 399 519 455 conducto
528 400 643 472 pendent
652 399 795 454 anabathra
804 400 904 473 tigillo,

280 492 402 547 quaeque
419 477 582 546 reportandis
595 476 678 546 posita
691 484 730 529 est
743 475 880 531 orchestra
888 476 979 531 a·
996 476 1002 520 ἰ

281 552 335 606 Nos
351 561 436 605 tamen
451 552 499 604 hoc
512 551 628 623 agimus,
642 551 768 622 tenuique
779 551 806 604 in
823 550 938 622 pulvere
948 551 998 605 sul

281 626 413 689 ducimus,
425 634 450 680 et
460 626 523 680 litus
532 625 614 680 sterili
626 643 761 680 versamus
771 634 869 680 aratro.

227 712 253 753 aa
281 703 347 755 Nam
358 701 382 755 si
391 701 518 766 discedas,
530 700 624 772 laqueo
635 709 703 756 tenet
712 700 845 756 ambitiosi

281 777 442 832 consuetude
452 776 525 841 mali,
537 784 606 830 tenet
616 776 762 831 insanabile
771 775 873 831 multos

281 851 412 906 scribendi
425 852 566 917 cacoethes,
578 860 602 906 et
614 869 691 926 aegro
700 852 728 907 in
737 851 950 907 cardosenescit.

281 927 333 982 Sed
342 935 428 983 vatem
438 926 583 1000 egregium,
596 927 639 981 cui
651 944 702 981 non
711 927 746 980 sit
754 926 861 998 publiea
873 945 955 993 vena,

282 1003 329 1074 qui
343 1002 409 1056 nihil
419 1005 567 1073 expositum
578 1002 659 1058 soleat
668 1002 804 1065 deducere,
817 1020 866 1056 nec
879 1004 931 1074 qui

228 1088 253 1130 55
280 1078 415 1132 communi
426 1077 501 1132 feriat
510 1096 614 1132 carmen
628 1077 730 1133 triviale
743 1084 855 1142 moneta,

282 1154 363 1218 hunc,
375 1152 481 1224 qualem
492 1170 594 1225 nequeo
604 1161 749 1208 monstrare
757 1161 782 1207 et
791 1153 878 1207 santio
890 1161 994 1209 tantum

282 1229 410 1283 anxietate
419 1246 509 1283 carens
520 1228 625 1283 animus
635 1227 703 1291 facit,
718 1228 805 1283 omnis
817 1229 905 1283 acerbi

282 1304 429 1375 impatiens,
442 1303 554 1375 cupidus
565 1303 693 1369 silvarum
704 1311 834 1376 aptusque
843 1304 974 1359 bibendis

284 1379 399 1435 lontibus
412 1380 556 1434 horridum.
595 1380 688 1451 Neque
696 1380 768 1434 enim
778 1388 884 1433 cantare
894 1380 950 1435 sub
960 1398 993 1435 an

228 1464 253 1506 tt
282 1456 364 1510 Pierio
374 1456 529 1529 thyrsumve
539 1462 622 1527 potest
630 1455 779 1528 contingere
789 1472 852 1508 sana

284 1539 422 1603 paupertas
435 1539 512 1603 atque
522 1532 589 1585 aeris
600 1531 685 1601 inops,
697 1547 751 1601 quo
761 1537 835 1584 nocte
843 1529 946 1602 dieque

282 1624 377 1677 corpus
393 1615 461 1680 eget.
484 1605 562 1661 Satur
573 1613 621 1669 est,
636 1623 722 1678 quum
732 1605 795 1659 dicit
808 1606 934 1660 Horatius
945 1607 996 1661 Eu·

283 1680 348 1748 Quis
362 1679 434 1735 locus
445 1681 559 1753 ingenio,
573 1681 624 1736 nisi
635 1699 721 1752 quum
731 1698 759 1735 se
769 1682 885 1734 carmine
894 1681 955 1736 solo

283 1764 379 1811 vexant
390 1764 415 1810 et
424 1755 539 1810 dominis
549 1755 656 1811 Cirrhae
666 1758 805 1830 Nysaeque
815 1754 939 1810 feruntur

229 1841 254 1883 65
283 1840 384 1903 pectora
394 1840 490 1895 nostra,
502 1831 568 1885 duas
580 1849 631 1886 non
642 1832 804 1886 admittentia
813 1830 911 1885 curas‘l
1002 1844 1003 1883 ξ

1002 1790 1003 1825 i

283 1907 393 1980 Magnae
405 1907 500 1961 mentis
509 1924 586 1979 opus,
599 1907 687 1961 necde
697 1907 779 1961 lodice
788 1906 904 1977 paranda

249 2046 250 2049 Ἰ
283 1982 420 2048 adtonitae,
433 2000 526 2038 currus
536 1991 560 2037 et
569 2000 652 2055 equos
661 1981 792 2054 faciesque
802 1982 912 2037 deorum
1002 2018 1003 2047 ,

284 2058 425 2129 adspicere.
437 2066 462 2112 et
471 2058 559 2130 qualis
569 2057 848 2113 Rutulumoonlundat
857 2058 984 2132 Erinnys.
1002 2064 1003 2071 ’

283 2136 350 2188 Nam
364 2134 387 2187 si
397 2134 507 2207 Virgilio
516 2152 581 2205 puer
593 2143 618 2187 et
629 2132 760 2188 tolerabile
770 2132 837 2186 desit

230 2220 255 2261 tt
284 2209 437 2280 hospitium,
449 2209 568 2264 caderent
577 2208 823 2263 omnesaerinibus
831 2206 925 2281 hydri:
1002 2216 1003 2225 ¹

284 2284 364 2339 surda
375 2283 440 2337 nihil
450 2293 564 2356 gemeret
572 2302 652 2357 grave
662 2285 780 2339 buccina.
801 2283 948 2347 Poscimus,
958 2291 1003 2361 uta

285 2367 338 2415 non
351 2359 437 2415 minor
445 2359 554 2430 antiquo
562 2360 703 2413 Rubrenus
713 2361 800 2429 Lappa
814 2358 950 2423 cothurno,
1002 2368 1003 2397 ³

284 2436 360 2490 cuius
371 2444 395 2489 et
405 2433 518 2489 alveolos
528 2442 554 2488 et
563 2432 664 2489 laenam
674 2442 795 2507 pignerat
804 2434 907 2488 Atreus

285 2514 343 2566 Nou
354 2511 433 2564 hahet
445 2508 537 2564 infelix
547 2510 677 2572 Numitor,
691 2510 763 2580 quod
774 2509 859 2563 mittat
868 2510 963 2563 amico:
1002 2498 1003 2565 l

232 2597 257 2639 75
286 2584 428 2650 Quintillae
441 2583 512 2655 quod
523 2584 609 2646 donet.
622 2584 712 2649 hahet,
734 2601 780 2638 nec
793 2583 876 2638 deluit
885 2582 932 2647 illi,
1002 2616 1003 2653 p

287 2659 357 2712 unde
370 2667 465 2713 emeret
474 2657 558 2713 multa
567 2658 728 2728 pascendum
738 2676 814 2711 carne
826 2658 923 2712 leonem
1002 2670 1003 2715 t

288 2733 341 2786 iarn
351 2731 490 2787 domitum.
520 2732 627 2789 Constat
637 2731 726 2787 leviori
736 2732 824 2787 bellua
833 2741 923 2787 sumtu

289 2806 425 2872 nimirum,
437 2806 577 2879 etcapiunt
585 2805 646 2878 plus
656 2807 777 2862 intestina
784 2815 884 2877 poetae.
