2072 3332
294 267 327 320 rt
500 284 502 291 ⁴
557 271 771 318 ruvuuams

235 384 261 427 tu
289 373 380 439 herba,
394 373 598 447 accingentium
609 373 736 428 violarent
748 389 879 428 marmora
891 348 1027 445 tophuml

327 450 375 503 llic
385 457 447 504 tuac
457 450 615 511 Umbricius
627 447 756 515 »Quaado
766 447 868 503 artibus
871 450 990 522 ,‚inquit
1004 452 1027 513 ht

696 524 777 578 uestis
1026 524 1027 559 l

291 598 417 654 aullns'
409 599 521 654 rnUrbc
553 598 640 663 locus,
668 597 741 653 nulla
764 598 946 655 emolumenta
973 600 1027 655 tart

698 692 767 738 rum,
1026 674 1027 721 l

291 767 332 804 res
342 748 420 804 hodie
430 755 560 804 minorest
563 749 791 823 herequamiuit,
800 740 1027 879 atqueeademcrp

290 825 387 880 deteret
396 826 501 898 exiguis
514 824 630 897 aliquid:
653 825 826 912 proponimus
837 825 902 878 illuc

235 909 260 953 tt
289 901 335 965 ire,
349 899 469 974 fatigatas
481 901 526 955 ubi
537 901 665 956 Daedalus
679 902 753 955 exuit
763 901 826 964 alas,

289 941 355 1030 duin
366 992 433 1030 nova
443 976 561 1041 canities,
573 976 638 1031 dum
650 977 734 1048 prima
744 983 769 1030 et
779 983 846 1030 recta
856 985 994 1035 senectus
1026 960 1027 1011 l

289 1051 354 1104 dum
365 1059 484 1122 superest
493 1052 611 1115 Lachesi
623 1053 696 1124 quod
706 1058 832 1123 torqueat
844 1059 870 1105 et
880 1050 1027 1122 pedrbusrt

291 1133 364 1197 porto
375 1127 449 1190 meis,
465 1125 539 1180 nullo
548 1127 668 1182 dextram
679 1128 809 1182 subeunte
820 1127 923 1181 bacillo
1026 1150 1027 1185 ι

289 1199 421 1256 i'edamus
432 1201 529 1272 patria
551 1202 643 1257 vivant
656 1202 794 1257 Artorius
789 1202 848 1256 rstrc
1026 1192 1027 1227 ¹

234 1286 260 1329 tu
288 1283 313 1330 et
323 1276 446 1331 Catulus
459 1287 590 1342 maneant,
602 1276 1027 1361 quinigrumincandidaiertun

289 1356 352 1423 quis
365 1351 439 1407 facilc
451 1360 490 1407 est
499 1352 589 1407 aedem
600 1353 753 1417 conducere,
766 1351 887 1416 flumina,
901 1362 1027 1424 portus

288 1428 436 1482 siccandam
448 1427 573 1493 eluviem
587 1427 875 1501 portandumadbusta
885 1429 1027 1487 cadaver

286 1510 314 1571 et
323 1504 447 1574 praebere
457 1521 484 1558 ca
488 1512 536 1575 put
544 1503 652 1558 domina
663 1503 754 1559 venale
764 1503 816 1557 sub
826 1503 913 1558 hasta.

288 1577 428 1643 Quondam
442 1577 469 1632 hi
479 1580 625 1634 cornicines
637 1587 663 1634 et
673 1577 842 1650 municipalis
852 1590 948 1633 arenae
1026 1590 1027 1625 l

235 1663 259 1704 aa
289 1654 406 1723 perpetui
417 1654 534 1718 comites,
547 1663 675 1727 notaeque
686 1672 732 1726 per
740 1652 836 1726 oppida
847 1655 955 1718 buccae,
1026 1650 1027 1713 l

290 1729 882 1804 muneranuoceduntetversopollicevulgi
1026 1708 1027 1805 l

289 1820 370 1875 quem
382 1802 575 1861 libatorcrdunt
585 1805 758 1878 populariter
779 1803 841 1859 inde
852 1822 951 1860 reversi
1026 1806 1027 1841 l

290 1878 441 1934 conducunt
458 1878 564 1949 ioricas3
586 1889 612 1935 et
626 1898 673 1935 cur
688 1898 740 1936 non
750 1878 859 1935 omnia?
877 1897 965 1952 quum
978 1881 1027 1935 stru

289 1953 382 2026 quales
392 1972 426 2010 ex
437 1955 531 2010 humili
544 1974 638 2029 magna
652 1956 684 2010 ad
695 1956 798 2029 fastigia
810 1973 899 2009 rarum

234 2039 260 2081 tu
288 2029 397 2094 extollit,
410 2033 512 2103 quoties
523 2031 607 2087 voluit
616 2033 731 2086 Fortuna
743 2031 830 2086 iocari.

289 2104 360 2170 Quid
371 2107 467 2161 Romae
475 2105 587 2161 faciam?
606 2107 710 2162 Mentiri
722 2106 821 2161 nescio:
844 2105 953 2171 librum,
1026 2114 1027 2169 i

288 2181 310 2234 si
324 2179 409 2235 malus
420 2188 468 2250 cst,
481 2198 584 2255 nequeo
598 2181 704 2236 laudare
713 2189 737 2236 et
747 2198 865 2254 poscere:
889 2189 978 2236 motus
1026 2174 1027 2227 l

289 2263 419 2311 astrorum
430 2256 536 2330 ignoro:
559 2256 640 2312 lunas
650 2258 800 2329 promittere
813 2257 895 2327 patris

290 2349 338 2386 neo
351 2331 419 2398 volo,
437 2348 484 2387 nec
497 2350 622 2404 possum:
644 2350 769 2387 ranarum
780 2333 880 2385 viscera
890 2348 1027 2403 nnmrprar

234 2413 260 2460 ta
290 2408 402 2479 inspexi.
431 2409 509 2463 Ferre
518 2408 551 2462 ad
563 2415 682 2480 nuptam,
695 2426 764 2480 quac
774 2408 853 2462 mittit
864 2406 976 2473 adulter,

288 2501 357 2555 quae
366 2484 482 2549 naandat
495 2484 583 2539 norint
593 2483 651 2552 alii·
674 2501 717 2539 me
727 2500 804 2538 nemo
814 2482 936 2536 ministro

290 2557 398 2623 iurarit,
411 2567 489 2632 atque
499 2559 558 2613 ideo
569 2558 634 2614 nulli
645 2576 733 2614 comes
743 2575 815 2623 exeo,
829 2566 965 2628 tamquam

294 2650 405 2687 mancus
419 2641 444 2687 et
453 2635 582 2688 extinctae
592 2651 688 2722 cprpus
700 2652 751 2689 non
762 2634 826 2688 utile
836 2633 953 2688 dextrae.
1026 2688 1027 2691 ,

293 2705 359 2772 Quis
369 2708 574 2781 nuncdrlrgrtur
587 2726 639 2763 nrsr
649 2726 771 2764 conscius
781 2717 806 2763 et
815 2726 858 2763 cur
851 2706 972 2764 fervens
1026 2706 1027 2715 ’

73 2778 75 2783 ’
238 2790 264 2833 tt
292 2781 510 2838 aestuatoccultrs
520 2801 626 2839 animus
638 2802 795 2858 semperque
804 2783 938 2839 tacendrs‘l
1026 2798 1027 2827 ι

386 3220 1027 3316 Δ
