<?xml version="1.0" encoding="UTF-8"?>
<!DOCTYPE html PUBLIC "-//W3C//DTD XHTML 1.0 Transitional//EN"
    "http://www.w3.org/TR/xhtml1/DTD/xhtml1-transitional.dtd">
<html xmlns="http://www.w3.org/1999/xhtml" xml:lang="en" lang="en">
 <head>
  <title>
</title>
<meta http-equiv="Content-Type" content="text/html;charset=utf-8" />
  <meta name='ocr-system' content='tesseract 3.04.00' />
  <meta name='ocr-capabilities' content='ocr_page ocr_carea ocr_par ocr_line ocrx_word'/>
</head>
<body>
  <div class='ocr_page' id='page_1' title='image "apersiiflacciet00weisgoog_0039.png"; bbox 0 0 2072 3332; ppageno 0'>
   <div class='ocr_carea' id='block_1_1' title="bbox 248 298 723 360">
    <p class='ocr_par' dir='ltr' id='par_1_1' title="bbox 248 298 723 360">
     <span class='ocr_line' id='line_1_1' title="bbox 248 298 723 360; baseline 0.013 -19"><span class='ocrx_word' id='word_1_1' title='bbox 248 298 281 350; x_wconf 78' lang='grc'>36</span> <span class='ocrx_word' id='word_1_2' title='bbox 487 300 723 360; x_wconf 77' lang='lat' dir='ltr'><strong>IUVENALIS</strong></span> 
     </span>
    </p>
   </div>
   <div class='ocr_carea' id='block_1_2' title="bbox 160 388 1031 2651">
    <p class='ocr_par' dir='ltr' id='par_1_2' title="bbox 160 388 1031 2651">
     <span class='ocr_line' id='line_1_2' title="bbox 247 388 1031 484; baseline -0.003 -25"><span class='ocrx_word' id='word_1_3' title='bbox 247 420 369 477; x_wconf 88' lang='lat' dir='ltr'>quaeque</span> <span class='ocrx_word' id='word_1_4' title='bbox 378 401 490 457; x_wconf 81' lang='lat' dir='ltr'>salutato</span> <span class='ocrx_word' id='word_1_5' title='bbox 498 402 610 473; x_wconf 72' lang='lat' dir='ltr'>crepitat</span> <span class='ocrx_word' id='word_1_6' title='bbox 614 401 756 457; x_wconf 73' lang='lat' dir='ltr'>Concordia</span> <span class='ocrx_word' id='word_1_7' title='bbox 768 402 840 474; x_wconf 77' lang='lat' dir='ltr'>rudo</span> <span class='ocrx_word' id='word_1_8' title='bbox 1026 388 1031 484; x_wconf 70' lang='lat' dir='ltr'>l</span> 
     </span>
     <span class='ocr_line' id='line_1_3' title="bbox 284 476 978 550; baseline 0.001 -15"><span class='ocrx_word' id='word_1_9' title='bbox 284 479 336 535; x_wconf 83' lang='lat' dir='ltr'>Sed</span> <span class='ocrx_word' id='word_1_10' title='bbox 345 495 431 550; x_wconf 88' lang='lat' dir='ltr'>quum</span> <span class='ocrx_word' id='word_1_11' title='bbox 441 495 566 532; x_wconf 89' lang='lat' dir='ltr'>summus</span> <span class='ocrx_word' id='word_1_12' title='bbox 577 476 659 532; x_wconf 89' lang='lat' dir='ltr'>bonor</span> <span class='ocrx_word' id='word_1_13' title='bbox 670 476 744 532; x_wconf 81' lang='lat' dir='ltr'>fruito</span> <span class='ocrx_word' id='word_1_14' title='bbox 753 486 886 549; x_wconf 86' lang='lat' dir='ltr'>computet</span> <span class='ocrx_word' id='word_1_15' title='bbox 895 497 978 548; x_wconf 88' lang='lat' dir='ltr'>anuo</span> 
     </span>
     <span class='ocr_line' id='line_1_4' title="bbox 248 552 960 626; baseline 0 -17"><span class='ocrx_word' id='word_1_16' title='bbox 248 553 365 626; x_wconf 76' lang='lat' dir='ltr'>sportula</span> <span class='ocrx_word' id='word_1_17' title='bbox 377 553 444 626; x_wconf 92' lang='lat' dir='ltr'>quid</span> <span class='ocrx_word' id='word_1_18' title='bbox 456 552 556 617; x_wconf 79' lang='lat' dir='ltr'>reserat,</span> <span class='ocrx_word' id='word_1_19' title='bbox 567 561 698 624; x_wconf 89' lang='lat' dir='ltr'>quantum</span> <span class='ocrx_word' id='word_1_20' title='bbox 710 553 855 607; x_wconf 87' lang='lat' dir='ltr'>rationibus</span> <span class='ocrx_word' id='word_1_21' title='bbox 865 553 960 623; x_wconf 85' lang='lat' dir='ltr'>addat;</span> 
     </span>
     <span class='ocr_line' id='line_1_5' title="bbox 248 599 1001 703; baseline 0.001 -18"><span class='ocrx_word' id='word_1_22' title='bbox 248 630 314 703; x_wconf 80' lang='lat' dir='ltr'>quid</span> <span class='ocrx_word' id='word_1_23' title='bbox 324 628 419 683; x_wconf 82' lang='lat' dir='ltr'>facient</span> <span class='ocrx_word' id='word_1_24' title='bbox 427 627 545 693; x_wconf 77' lang='lat' dir='ltr'><strong>comites,</strong></span> <span class='ocrx_word' id='word_1_25' title='bbox 557 627 659 699; x_wconf 91' lang='lat' dir='ltr'>quibus</span> <span class='ocrx_word' id='word_1_26' title='bbox 668 626 732 683; x_wconf 87' lang='lat' dir='ltr'>hino</span> <span class='ocrx_word' id='word_1_27' title='bbox 740 635 809 701; x_wconf 76' lang='lat' dir='ltr'>toga,</span> <span class='ocrx_word' id='word_1_28' title='bbox 821 628 924 684; x_wconf 87' lang='lat' dir='ltr'>caloeus</span> <span class='ocrx_word' id='word_1_29' title='bbox 935 599 1001 686; x_wconf 84' lang='lat' dir='ltr'>hlou</span> 
     </span>
     <span class='ocr_line' id='line_1_6' title="bbox 652 712 700 766; baseline 0.021 -10"><span class='ocrx_word' id='word_1_30' title='bbox 652 712 700 766; x_wconf 76' lang='lat' dir='ltr'>est.</span> 
     </span>
     <span class='ocr_line' id='line_1_7' title="bbox 194 775 905 852; baseline 0 -18"><span class='ocrx_word' id='word_1_31' title='bbox 194 791 233 834; x_wconf 74' lang='lat' dir='ltr'>tto</span> <span class='ocrx_word' id='word_1_32' title='bbox 246 787 272 834; x_wconf 88' lang='lat' dir='ltr'>ot</span> <span class='ocrx_word' id='word_1_33' title='bbox 281 775 611 852; x_wconf 77' lang='lat' dir='ltr'>panislumusquedomi?</span> <span class='ocrx_word' id='word_1_34' title='bbox 629 777 789 833; x_wconf 88' lang='lat' dir='ltr'>Densissima</span> <span class='ocrx_word' id='word_1_35' title='bbox 799 786 905 834; x_wconf 85' lang='lat' dir='ltr'>centum</span> 
     </span>
     <span class='ocr_line' id='line_1_8' title="bbox 248 852 911 927; baseline 0 -17"><span class='ocrx_word' id='word_1_36' title='bbox 248 854 407 927; x_wconf 79' lang='lat' dir='ltr'><strong>quadrantes</strong></span> <span class='ocrx_word' id='word_1_37' title='bbox 418 853 506 908; x_wconf 83' lang='lat' dir='ltr'>lectica</span> <span class='ocrx_word' id='word_1_38' title='bbox 517 852 589 924; x_wconf 77' lang='lat' dir='ltr'>petit,</span> <span class='ocrx_word' id='word_1_39' title='bbox 602 853 777 925; x_wconf 79' lang='lat' dir='ltr'>sequiturque</span> <span class='ocrx_word' id='word_1_40' title='bbox 787 855 911 910; x_wconf 85' lang='lat' dir='ltr'>maritum</span> 
     </span>
     <span class='ocr_line' id='line_1_9' title="bbox 248 928 917 1004; baseline -0.003 -19"><span class='ocrx_word' id='word_1_41' title='bbox 248 930 374 1004; x_wconf 80' lang='lat' dir='ltr'>languida</span> <span class='ocrx_word' id='word_1_42' title='bbox 384 928 424 985; x_wconf 89' lang='lat' dir='ltr'>vel</span> <span class='ocrx_word' id='word_1_43' title='bbox 437 945 585 1001; x_wconf 80' lang='lat' dir='ltr'>praegnans</span> <span class='ocrx_word' id='word_1_44' title='bbox 595 935 621 982; x_wconf 90' lang='lat' dir='ltr'>et</span> <span class='ocrx_word' id='word_1_45' title='bbox 628 929 834 983; x_wconf 75' lang='lat' dir='ltr'>circumducitur</span> <span class='ocrx_word' id='word_1_46' title='bbox 843 947 917 987; x_wconf 83' lang='lat' dir='ltr'>uxor</span> 
     </span>
     <span class='ocr_line' id='line_1_10' title="bbox 248 1002 820 1077; baseline -0.005 -17"><span class='ocrx_word' id='word_1_47' title='bbox 248 1006 295 1060; x_wconf 89' lang='lat' dir='ltr'>llic</span> <span class='ocrx_word' id='word_1_48' title='bbox 304 1007 367 1077; x_wconf 90' lang='lat' dir='ltr'>petit</span> <span class='ocrx_word' id='word_1_49' title='bbox 379 1003 490 1067; x_wconf 83' lang='lat' dir='ltr'><strong>absenti</strong></span> <span class='ocrx_word' id='word_1_50' title='bbox 503 1010 562 1058; x_wconf 88' lang='lat' dir='ltr'>nota</span> <span class='ocrx_word' id='word_1_51' title='bbox 574 1003 626 1059; x_wconf 85' lang='lat' dir='ltr'>iam</span> <span class='ocrx_word' id='word_1_52' title='bbox 636 1002 748 1059; x_wconf 86' lang='lat' dir='ltr'>callidus</span> <span class='ocrx_word' id='word_1_53' title='bbox 758 1012 820 1068; x_wconf 80' lang='lat' dir='ltr'>arte,</span> 
     </span>
     <span class='ocr_line' id='line_1_11' title="bbox 247 1077 968 1152; baseline -0.001 -16"><span class='ocrx_word' id='word_1_54' title='bbox 247 1080 387 1136; x_wconf 81' lang='lat' dir='ltr'>ostendeus</span> <span class='ocrx_word' id='word_1_55' title='bbox 399 1097 510 1135; x_wconf 84' lang='lat' dir='ltr'>vacuom</span> <span class='ocrx_word' id='word_1_56' title='bbox 520 1086 545 1134; x_wconf 89' lang='lat' dir='ltr'>et</span> <span class='ocrx_word' id='word_1_57' title='bbox 554 1077 671 1134; x_wconf 87' lang='lat' dir='ltr'>clausam</span> <span class='ocrx_word' id='word_1_58' title='bbox 683 1096 732 1152; x_wconf 85' lang='lat' dir='ltr'>pro</span> <span class='ocrx_word' id='word_1_59' title='bbox 744 1079 855 1151; x_wconf 79' lang='lat' dir='ltr'>coniuge</span> <span class='ocrx_word' id='word_1_60' title='bbox 865 1080 968 1135; x_wconf 88' lang='lat' dir='ltr'>sellam.</span> 
     </span>
     <span class='ocr_line' id='line_1_12' title="bbox 194 1153 997 1226; baseline 0 -18"><span class='ocrx_word' id='word_1_61' title='bbox 194 1166 232 1209; x_wconf 78' lang='grc'>1.5</span> <span class='ocrx_word' id='word_1_62' title='bbox 249 1157 449 1220; x_wconf 83' lang='lat' dir='ltr'>Gallomeoeat,</span> <span class='ocrx_word' id='word_1_63' title='bbox 462 1155 556 1226; x_wconf 86' lang='lat' dir='ltr'>inquit.</span> <span class='ocrx_word' id='word_1_64' title='bbox 588 1153 671 1209; x_wconf 77' lang='lat' dir='ltr'>Citius</span> <span class='ocrx_word' id='word_1_65' title='bbox 683 1159 792 1209; x_wconf 81' lang='lat' dir='ltr'>dimitte.</span> <span class='ocrx_word' id='word_1_66' title='bbox 812 1154 997 1210; x_wconf 68' lang='lat' dir='ltr'>Morem?-</span> 
     </span>
     <span class='ocr_line' id='line_1_13' title="bbox 247 1229 948 1301; baseline 0.001 -20"><span class='ocrx_word' id='word_1_67' title='bbox 247 1229 364 1295; x_wconf 77' lang='lat' dir='ltr'>oProler,</span> <span class='ocrx_word' id='word_1_68' title='bbox 376 1229 461 1294; x_wconf 86' lang='lat' dir='ltr'>Galla,</span> <span class='ocrx_word' id='word_1_69' title='bbox 474 1238 580 1301; x_wconf 78' lang='lat' dir='ltr'>caput«</span> <span class='ocrx_word' id='word_1_70' title='bbox 590 1260 628 1270; x_wconf 95' lang='lat'>—</span> <span class='ocrx_word' id='word_1_71' title='bbox 637 1230 700 1284; x_wconf 85' lang='lat' dir='ltr'>Noli</span> <span class='ocrx_word' id='word_1_72' title='bbox 709 1248 815 1294; x_wconf 77' lang='lat' dir='ltr'>vexare,</span> <span class='ocrx_word' id='word_1_73' title='bbox 828 1234 948 1298; x_wconf 72' lang='lat' dir='ltr'>quiescit.</span> 
     </span>
     <span class='ocr_line' id='line_1_14' title="bbox 284 1304 908 1378; baseline -0.003 -18"><span class='ocrx_word' id='word_1_74' title='bbox 284 1307 343 1377; x_wconf 89' lang='lat' dir='ltr'>lpse</span> <span class='ocrx_word' id='word_1_75' title='bbox 352 1304 409 1359; x_wconf 88' lang='lat' dir='ltr'>dies</span> <span class='ocrx_word' id='word_1_76' title='bbox 419 1304 512 1377; x_wconf 82' lang='lat' dir='ltr'>pulcro</span> <span class='ocrx_word' id='word_1_77' title='bbox 523 1304 697 1378; x_wconf 76' lang='lat' dir='ltr'>distinguitur</span> <span class='ocrx_word' id='word_1_78' title='bbox 705 1304 796 1359; x_wconf 85' lang='lat' dir='ltr'>ordine</span> <span class='ocrx_word' id='word_1_79' title='bbox 807 1322 892 1358; x_wconf 81' lang='lat' dir='ltr'>rerum</span> <span class='ocrx_word' id='word_1_80' title='bbox 903 1325 908 1358; x_wconf 96' lang='lat'><strong>:</strong></span> 
     </span>
     <span class='ocr_line' id='line_1_15' title="bbox 248 1378 929 1452; baseline -0.003 -17"><span class='ocrx_word' id='word_1_81' title='bbox 248 1379 374 1452; x_wconf 79' lang='lat' dir='ltr'>sportula,</span> <span class='ocrx_word' id='word_1_82' title='bbox 384 1380 480 1436; x_wconf 88' lang='lat' dir='ltr'>deiude</span> <span class='ocrx_word' id='word_1_83' title='bbox 490 1379 575 1434; x_wconf 82' lang='lat' dir='ltr'>lorum</span> <span class='ocrx_word' id='word_1_84' title='bbox 588 1380 707 1451; x_wconf 88' lang='lat' dir='ltr'>iurisque</span> <span class='ocrx_word' id='word_1_85' title='bbox 716 1380 816 1451; x_wconf 86' lang='lat' dir='ltr'>peritus</span> <span class='ocrx_word' id='word_1_86' title='bbox 825 1378 929 1450; x_wconf 81' lang='lat' dir='ltr'>Apollo,</span> 
     </span>
     <span class='ocr_line' id='line_1_16' title="bbox 248 1454 875 1528; baseline -0.003 -17"><span class='ocrx_word' id='word_1_87' title='bbox 248 1468 327 1528; x_wconf 83' lang='lat' dir='ltr'>atque</span> <span class='ocrx_word' id='word_1_88' title='bbox 336 1454 520 1528; x_wconf 82' lang='lat' dir='ltr'>triumphales,</span> <span class='ocrx_word' id='word_1_89' title='bbox 533 1455 678 1527; x_wconf 86' lang='lat' dir='ltr'>intorques</span> <span class='ocrx_word' id='word_1_90' title='bbox 689 1455 875 1509; x_wconf 84' lang='lat' dir='ltr'>aususlraberu</span> 
     </span>
     <span class='ocr_line' id='line_1_17' title="bbox 194 1529 1031 1607; baseline -0.001 -23"><span class='ocrx_word' id='word_1_91' title='bbox 194 1543 232 1585; x_wconf 79' lang='lat' dir='ltr'>tto</span> <span class='ocrx_word' id='word_1_92' title='bbox 248 1532 335 1586; x_wconf 86' lang='lat' dir='ltr'>neseio</span> <span class='ocrx_word' id='word_1_93' title='bbox 345 1532 407 1602; x_wconf 90' lang='lat' dir='ltr'>quis</span> <span class='ocrx_word' id='word_1_94' title='bbox 418 1529 507 1586; x_wconf 91' lang='lat' dir='ltr'>titulos</span> <span class='ocrx_word' id='word_1_95' title='bbox 517 1529 664 1604; x_wconf 80' lang='lat' dir='ltr'>Aegyptius</span> <span class='ocrx_word' id='word_1_96' title='bbox 673 1537 751 1601; x_wconf 88' lang='lat' dir='ltr'>etque</span> <span class='ocrx_word' id='word_1_97' title='bbox 762 1529 932 1595; x_wconf 72' lang='lat' dir='ltr'>Araltarehes,</span> <span class='ocrx_word' id='word_1_98' title='bbox 1027 1544 1031 1607; x_wconf 65' lang='lat' dir='ltr'>q</span> 
     </span>
     <span class='ocr_line' id='line_1_18' title="bbox 160 1604 881 1679; baseline -0.004 -18"><span class='ocrx_word' id='word_1_99' title='bbox 160 1665 166 1675; x_wconf 86' lang='lat'>.</span> <span class='ocrx_word' id='word_1_100' title='bbox 247 1607 324 1661; x_wconf 87' lang='lat' dir='ltr'>cuius</span> <span class='ocrx_word' id='word_1_101' title='bbox 334 1606 366 1661; x_wconf 88' lang='lat' dir='ltr'>ad</span> <span class='ocrx_word' id='word_1_102' title='bbox 377 1606 491 1679; x_wconf 76' lang='lat' dir='ltr'>effigiem</span> <span class='ocrx_word' id='word_1_103' title='bbox 503 1622 555 1660; x_wconf 89' lang='lat' dir='ltr'>uon</span> <span class='ocrx_word' id='word_1_104' title='bbox 566 1614 667 1661; x_wconf 87' lang='lat' dir='ltr'>tantum</span> <span class='ocrx_word' id='word_1_105' title='bbox 678 1607 773 1660; x_wconf 86' lang='lat' dir='ltr'>meiere</span> <span class='ocrx_word' id='word_1_106' title='bbox 784 1604 823 1659; x_wconf 89' lang='lat' dir='ltr'>las</span> <span class='ocrx_word' id='word_1_107' title='bbox 835 1613 881 1659; x_wconf 86' lang='lat' dir='ltr'>est.</span> 
     </span>
     <span class='ocr_line' id='line_1_19' title="bbox 249 1679 849 1752; baseline -0.005 -16"><span class='ocrx_word' id='word_1_108' title='bbox 249 1681 391 1736; x_wconf 89' lang='lat' dir='ltr'>Vestibulis</span> <span class='ocrx_word' id='word_1_109' title='bbox 401 1683 500 1736; x_wconf 87' lang='lat' dir='ltr'>abeunt</span> <span class='ocrx_word' id='word_1_110' title='bbox 509 1689 608 1735; x_wconf 86' lang='lat' dir='ltr'>veteres</span> <span class='ocrx_word' id='word_1_111' title='bbox 619 1680 734 1752; x_wconf 83' lang='lat' dir='ltr'>lassique</span> <span class='ocrx_word' id='word_1_112' title='bbox 743 1679 849 1734; x_wconf 86' lang='lat' dir='ltr'>clientes</span> 
     </span>
     <span class='ocr_line' id='line_1_20' title="bbox 250 1754 978 1829; baseline -0.003 -18"><span class='ocrx_word' id='word_1_113' title='bbox 250 1767 361 1829; x_wconf 88' lang='lat' dir='ltr'>votaque</span> <span class='ocrx_word' id='word_1_114' title='bbox 370 1758 515 1829; x_wconf 89' lang='lat' dir='ltr'>deponunt</span> <span class='ocrx_word' id='word_1_115' title='bbox 526 1774 691 1828; x_wconf 86' lang='lat' dir='ltr'>quamquam</span> <span class='ocrx_word' id='word_1_116' title='bbox 700 1754 855 1828; x_wconf 78' lang='lat' dir='ltr'>longissima</span> <span class='ocrx_word' id='word_1_117' title='bbox 868 1770 978 1809; x_wconf 88' lang='lat' dir='ltr'>ooeuae</span> 
     </span>
     <span class='ocr_line' id='line_1_21' title="bbox 249 1829 1030 1904; baseline -0.004 -18"><span class='ocrx_word' id='word_1_118' title='bbox 249 1851 309 1904; x_wconf 87' lang='lat' dir='ltr'>spes</span> <span class='ocrx_word' id='word_1_119' title='bbox 320 1833 429 1887; x_wconf 86' lang='lat' dir='ltr'>bomini.</span> <span class='ocrx_word' id='word_1_120' title='bbox 466 1831 561 1887; x_wconf 88' lang='lat' dir='ltr'>Caules</span> <span class='ocrx_word' id='word_1_121' title='bbox 572 1831 677 1886; x_wconf 85' lang='lat' dir='ltr'>miseris</span> <span class='ocrx_word' id='word_1_122' title='bbox 685 1840 764 1902; x_wconf 90' lang='lat' dir='ltr'>atque</span> <span class='ocrx_word' id='word_1_123' title='bbox 774 1830 845 1902; x_wconf 81' lang='lat' dir='ltr'>ignis</span> <span class='ocrx_word' id='word_1_124' title='bbox 854 1829 1030 1884; x_wconf 85' lang='lat' dir='ltr'>emendus.</span> 
     </span>
     <span class='ocr_line' id='line_1_22' title="bbox 194 1904 901 1992; baseline -0.006 -31"><span class='ocrx_word' id='word_1_125' title='bbox 194 1919 233 1961; x_wconf 79' lang='lat'>135</span> <span class='ocrx_word' id='word_1_126' title='bbox 247 1908 353 1978; x_wconf 87' lang='lat' dir='ltr'>Optima</span> <span class='ocrx_word' id='word_1_127' title='bbox 362 1907 509 1962; x_wconf 89' lang='lat' dir='ltr'>silvarum</span> <span class='ocrx_word' id='word_1_128' title='bbox 502 1914 598 1961; x_wconf 79' lang='lat' dir='ltr'>interea</span> <span class='ocrx_word' id='word_1_129' title='bbox 609 1906 748 1992; x_wconf 79' lang='lat' dir='ltr'>pelagique</span> <span class='ocrx_word' id='word_1_130' title='bbox 760 1904 901 1959; x_wconf 85' lang='lat' dir='ltr'>vorabit</span> 
     </span>
     <span class='ocr_line' id='line_1_23' title="bbox 250 1979 1029 2063; baseline -0.005 -27"><span class='ocrx_word' id='word_1_131' title='bbox 250 2001 294 2037; x_wconf 84' lang='lat' dir='ltr'>rex</span> <span class='ocrx_word' id='word_1_132' title='bbox 306 1983 411 2045; x_wconf 87' lang='lat' dir='ltr'>borum,</span> <span class='ocrx_word' id='word_1_133' title='bbox 425 1982 568 2054; x_wconf 80' lang='lat' dir='ltr'>vacuisque</span> <span class='ocrx_word' id='word_1_134' title='bbox 578 1982 641 2036; x_wconf 87' lang='lat' dir='ltr'>toris</span> <span class='ocrx_word' id='word_1_135' title='bbox 652 1989 754 2036; x_wconf 78' lang='grc'>1111111111</span> <span class='ocrx_word' id='word_1_136' title='bbox 766 1979 821 2051; x_wconf 89' lang='lat' dir='ltr'>ipse</span> <span class='ocrx_word' id='word_1_137' title='bbox 833 1979 934 2034; x_wconf 85' lang='lat' dir='ltr'>iacebit.</span> <span class='ocrx_word' id='word_1_138' title='bbox 1026 2016 1029 2063; x_wconf 57' lang='lat'>4</span> 
     </span>
     <span class='ocr_line' id='line_1_24' title="bbox 250 2056 833 2128; baseline -0.005 -16"><span class='ocrx_word' id='word_1_139' title='bbox 250 2060 316 2112; x_wconf 89' lang='lat' dir='ltr'>Nam</span> <span class='ocrx_word' id='word_1_140' title='bbox 327 2058 359 2111; x_wconf 89' lang='lat' dir='ltr'>de</span> <span class='ocrx_word' id='word_1_141' title='bbox 370 2066 406 2111; x_wconf 88' lang='lat' dir='ltr'>tot</span> <span class='ocrx_word' id='word_1_142' title='bbox 415 2057 514 2128; x_wconf 86' lang='lat' dir='ltr'>pulcris</span> <span class='ocrx_word' id='word_1_143' title='bbox 524 2065 548 2111; x_wconf 90' lang='lat' dir='ltr'>ot</span> <span class='ocrx_word' id='word_1_144' title='bbox 559 2056 618 2111; x_wconf 92' lang='lat' dir='ltr'>latis</span> <span class='ocrx_word' id='word_1_145' title='bbox 627 2057 737 2111; x_wconf 81' lang='lat' dir='ltr'>orbibus</span> <span class='ocrx_word' id='word_1_146' title='bbox 746 2065 771 2110; x_wconf 91' lang='lat' dir='ltr'>et</span> <span class='ocrx_word' id='word_1_147' title='bbox 780 2064 833 2109; x_wconf 76' lang='grc'>111111</span> 
     </span>
     <span class='ocr_line' id='line_1_25' title="bbox 249 2131 857 2204; baseline -0.005 -18"><span class='ocrx_word' id='word_1_148' title='bbox 249 2132 366 2203; x_wconf 89' lang='lat' dir='ltr'>antiquis</span> <span class='ocrx_word' id='word_1_149' title='bbox 377 2150 429 2186; x_wconf 86' lang='lat' dir='ltr'>una</span> <span class='ocrx_word' id='word_1_150' title='bbox 439 2132 580 2187; x_wconf 86' lang='lat' dir='ltr'>comedunt</span> <span class='ocrx_word' id='word_1_151' title='bbox 590 2131 746 2204; x_wconf 86' lang='lat' dir='ltr'>patrimonia</span> <span class='ocrx_word' id='word_1_152' title='bbox 757 2148 857 2187; x_wconf 87' lang='lat' dir='ltr'>mensa</span> 
     </span>
     <span class='ocr_line' id='line_1_26' title="bbox 250 2199 916 2278; baseline -0.003 -17"><span class='ocrx_word' id='word_1_153' title='bbox 250 2207 364 2262; x_wconf 92' lang='lat' dir='ltr'>Nullus&#39;</span> <span class='ocrx_word' id='word_1_154' title='bbox 358 2225 409 2260; x_wconf 85' lang='lat' dir='ltr'>ram</span> <span class='ocrx_word' id='word_1_155' title='bbox 421 2211 551 2277; x_wconf 83' lang='lat' dir='ltr'>parasitus</span> <span class='ocrx_word' id='word_1_156' title='bbox 561 2208 624 2262; x_wconf 88' lang='lat' dir='ltr'>eritl</span> <span class='ocrx_word' id='word_1_157' title='bbox 644 2206 695 2261; x_wconf 84' lang='lat' dir='ltr'>Sed</span> <span class='ocrx_word' id='word_1_158' title='bbox 708 2207 769 2278; x_wconf 89' lang='lat' dir='ltr'>quis</span> <span class='ocrx_word' id='word_1_159' title='bbox 779 2199 859 2260; x_wconf 81' lang='lat' dir='ltr'>terat</span> <span class='ocrx_word' id='word_1_160' title='bbox 853 2212 916 2259; x_wconf 77' lang='lat' dir='ltr'>istas</span> 
     </span>
     <span class='ocr_line' id='line_1_27' title="bbox 195 2279 962 2367; baseline -0.001 -31"><span class='ocrx_word' id='word_1_161' title='bbox 195 2291 234 2337; x_wconf 82' lang='grc'>1111</span> <span class='ocrx_word' id='word_1_162' title='bbox 250 2279 489 2338; x_wconf 72' lang='lat' dir='ltr'>luxuriaesordesi</span> <span class='ocrx_word' id='word_1_163' title='bbox 507 2282 610 2348; x_wconf 86' lang='lat' dir='ltr'>Quanta</span> <span class='ocrx_word' id='word_1_164' title='bbox 620 2298 659 2336; x_wconf 81' lang='lat' dir='ltr'>est</span> <span class='ocrx_word' id='word_1_165' title='bbox 668 2281 741 2367; x_wconf 79' lang='lat' dir='ltr'>gula</span> <span class='ocrx_word' id='word_1_166' title='bbox 752 2298 821 2353; x_wconf 91' lang='lat' dir='ltr'>quae</span> <span class='ocrx_word' id='word_1_167' title='bbox 831 2279 881 2334; x_wconf 80' lang='lat' dir='ltr'>srbr</span> <span class='ocrx_word' id='word_1_168' title='bbox 894 2288 962 2335; x_wconf 90' lang='lat' dir='ltr'>totos</span> 
     </span>
     <span class='ocr_line' id='line_1_28' title="bbox 250 2356 891 2431; baseline -0.009 -18"><span class='ocrx_word' id='word_1_169' title='bbox 250 2359 323 2431; x_wconf 87' lang='lat' dir='ltr'>pouit</span> <span class='ocrx_word' id='word_1_170' title='bbox 335 2375 421 2430; x_wconf 48' lang='lat' dir='ltr'>apimos</span> <span class='ocrx_word' id='word_1_171' title='bbox 433 2356 529 2411; x_wconf 87' lang='lat' dir='ltr'>animal</span> <span class='ocrx_word' id='word_1_172' title='bbox 542 2366 645 2428; x_wconf 87' lang='lat' dir='ltr'>propter</span> <span class='ocrx_word' id='word_1_173' title='bbox 654 2356 774 2411; x_wconf 84' lang='lat' dir='ltr'>convivia</span> <span class='ocrx_word' id='word_1_174' title='bbox 784 2356 891 2411; x_wconf 87' lang='lat' dir='ltr'>uatuml</span> 
     </span>
     <span class='ocr_line' id='line_1_29' title="bbox 250 2426 1028 2507; baseline -0.001 -20"><span class='ocrx_word' id='word_1_175' title='bbox 250 2437 574 2503; x_wconf 83' lang='lat' dir='ltr'>l‘oenutamonpraesens</span> <span class='ocrx_word' id='word_1_176' title='bbox 587 2430 968 2504; x_wconf 86' lang='lat' dir='ltr'>quumtudepooisomictum</span> <span class='ocrx_word' id='word_1_177' title='bbox 1024 2426 1028 2507; x_wconf 67' lang='lat' dir='ltr'>l</span> 
     </span>
     <span class='ocr_line' id='line_1_30' title="bbox 249 2505 933 2578; baseline -0.001 -18"><span class='ocrx_word' id='word_1_178' title='bbox 249 2508 381 2578; x_wconf 79' lang='lat' dir='ltr'>turgidus,</span> <span class='ocrx_word' id='word_1_179' title='bbox 393 2514 419 2561; x_wconf 88' lang='lat' dir='ltr'>ot</span> <span class='ocrx_word' id='word_1_180' title='bbox 428 2506 541 2560; x_wconf 85' lang='lat' dir='ltr'>crudum</span> <span class='ocrx_word' id='word_1_181' title='bbox 552 2524 681 2576; x_wconf 89' lang='lat' dir='ltr'>pavonem</span> <span class='ocrx_word' id='word_1_182' title='bbox 693 2507 719 2561; x_wconf 90' lang='lat' dir='ltr'>iu</span> <span class='ocrx_word' id='word_1_183' title='bbox 731 2505 823 2561; x_wconf 89' lang='lat' dir='ltr'>balnea</span> <span class='ocrx_word' id='word_1_184' title='bbox 833 2513 933 2577; x_wconf 90' lang='lat' dir='ltr'>portas.</span> 
     </span>
     <span class='ocr_line' id='line_1_31' title="bbox 249 2580 892 2651; baseline 0.005 -20"><span class='ocrx_word' id='word_1_185' title='bbox 249 2581 280 2631; x_wconf 87' lang='lat' dir='ltr'>lb</span> <span class='ocrx_word' id='word_1_186' title='bbox 285 2598 317 2634; x_wconf 88' lang='lat' dir='ltr'>oo</span> <span class='ocrx_word' id='word_1_187' title='bbox 326 2581 428 2633; x_wconf 86' lang='lat' dir='ltr'>subitae</span> <span class='ocrx_word' id='word_1_188' title='bbox 438 2587 534 2633; x_wconf 87' lang='lat' dir='ltr'>mortes</span> <span class='ocrx_word' id='word_1_189' title='bbox 544 2590 623 2651; x_wconf 85' lang='lat' dir='ltr'>atque</span> <span class='ocrx_word' id='word_1_190' title='bbox 634 2580 752 2635; x_wconf 88' lang='lat' dir='ltr'>intestata</span> <span class='ocrx_word' id='word_1_191' title='bbox 761 2588 892 2635; x_wconf 84' lang='lat' dir='ltr'>senectus.</span> 
     </span>
    </p>
   </div>
   <div class='ocr_carea' id='block_1_3' title="bbox 197 2652 886 2792">
    <p class='ocr_par' dir='ltr' id='par_1_3' title="bbox 197 2652 886 2792">
     <span class='ocr_line' id='line_1_32' title="bbox 197 2652 886 2741; baseline 0.016 -43"><span class='ocrx_word' id='word_1_192' title='bbox 197 2654 235 2698; x_wconf 76' lang='lat' dir='ltr'>tls</span> <span class='ocrx_word' id='word_1_193' title='bbox 250 2652 272 2701; x_wconf 90' lang='lat' dir='ltr'>lt</span> <span class='ocrx_word' id='word_1_194' title='bbox 282 2667 349 2702; x_wconf 90' lang='lat' dir='ltr'>nova</span> <span class='ocrx_word' id='word_1_195' title='bbox 362 2669 409 2703; x_wconf 88' lang='lat' dir='ltr'>nee</span> <span class='ocrx_word' id='word_1_196' title='bbox 419 2653 500 2705; x_wconf 86' lang='lat' dir='ltr'>tristis</span> <span class='ocrx_word' id='word_1_197' title='bbox 509 2671 555 2723; x_wconf 88' lang='lat' dir='ltr'>per</span> <span class='ocrx_word' id='word_1_198' title='bbox 564 2663 671 2709; x_wconf 86' lang='lat' dir='ltr'>cunctas</span> <span class='ocrx_word' id='word_1_199' title='bbox 682 2653 769 2709; x_wconf 88' lang='lat' dir='ltr'>labula</span> <span class='ocrx_word' id='word_1_200' title='bbox 779 2672 886 2741; x_wconf 83' lang='lat' dir='ltr'>ooeuas:</span> 
     </span>
     <span class='ocr_line' id='line_1_33' title="bbox 251 2721 829 2792; baseline 0.019 -20"><span class='ocrx_word' id='word_1_201' title='bbox 251 2721 372 2773; x_wconf 83' lang='lat' dir='ltr'>ducitur</span> <span class='ocrx_word' id='word_1_202' title='bbox 367 2724 437 2775; x_wconf 79' lang='lat' dir='ltr'>iretis</span> <span class='ocrx_word' id='word_1_203' title='bbox 448 2725 626 2792; x_wconf 85' lang='lat' dir='ltr'>plaudendum</span> <span class='ocrx_word' id='word_1_204' title='bbox 638 2727 720 2782; x_wconf 75' lang='lat' dir='ltr'>furius</span> <span class='ocrx_word' id='word_1_205' title='bbox 729 2728 829 2784; x_wconf 87' lang='lat' dir='ltr'>amicis</span> 
     </span>
    </p>
   </div>
   <div class='ocr_carea' id='block_1_4' title="bbox 287 2792 936 2869">
    <p class='ocr_par' dir='ltr' id='par_1_4' title="bbox 287 2792 936 2869">
     <span class='ocr_line' id='line_1_34' title="bbox 287 2792 936 2869; baseline 0.029 -26"><span class='ocrx_word' id='word_1_206' title='bbox 287 2792 330 2845; x_wconf 90' lang='lat' dir='ltr'>Nil</span> <span class='ocrx_word' id='word_1_207' title='bbox 341 2794 390 2845; x_wconf 89' lang='lat' dir='ltr'>erit</span> <span class='ocrx_word' id='word_1_208' title='bbox 399 2793 518 2861; x_wconf 85' lang='lat' dir='ltr'>ulterius,</span> <span class='ocrx_word' id='word_1_209' title='bbox 533 2800 605 2869; x_wconf 92' lang='lat' dir='ltr'>quod</span> <span class='ocrx_word' id='word_1_210' title='bbox 616 2803 713 2855; x_wconf 88' lang='lat' dir='ltr'>uostris</span> <span class='ocrx_word' id='word_1_211' title='bbox 724 2804 845 2859; x_wconf 86' lang='lat' dir='ltr'>moribus</span> <span class='ocrx_word' id='word_1_212' title='bbox 854 2805 936 2861; x_wconf 87' lang='lat' dir='ltr'>addat</span> 
     </span>
    </p>
   </div>
   <div class='ocr_carea' id='block_1_5' title="bbox 0 0 1043 3332">
    <p class='ocr_par' dir='ltr' id='par_1_5' title="bbox 0 0 1043 3332">
     <span class='ocr_line' id='line_1_35' title="bbox 0 0 1043 3332; baseline 0 0"><span class='ocrx_word' id='word_1_213' title='bbox 0 0 1043 3332; x_wconf 95' lang='lat' dir='ltr'> </span> 
     </span>
    </p>
   </div>
  </div>
 </body>
</html>
