2072 3332
274 262 307 318 ts
536 266 748 315 Iuvrsunms

273 369 346 437 Quae
354 385 434 423 causa
446 366 544 423 oflicii?
564 368 633 434 Quid
643 365 768 437 quaero?
787 370 862 422 nubit
872 371 1000 433 amicus,
1023 350 1024 399 l

218 458 257 500 135
271 448 421 499 neomutus
433 447 545 498 adhibet.
566 444 656 498 Liceat
668 448 742 498 modo
751 447 852 497 cicere:
874 446 957 512 sient,

273 526 338 590 [tent
347 525 399 573 isto
406 522 505 588 palam,
518 523 620 587 cupient
630 528 653 572 et
664 524 692 573 in
701 527 763 572 ncta
775 523 881 587 referri.

273 596 912 663 littoreatormentumirmensnnbentibcslvceret,

274 675 343 741 quod
352 678 480 739 aequarent
488 686 583 737 potere
593 677 617 724 ct
623 678 706 737 portu
715 673 827 725 retinere
838 673 960 724 maritos

275 747 326 802 Sed
337 749 436 808 melios,
447 747 515 814 quod
525 747 565 798 nit
575 748 672 798 animis
682 749 710 798 in
720 760 827 812 corpore
836 746 910 799 iuria

220 830 259 877 1111
274 831 371 876 notura
381 823 506 889 indulpet.
536 818 806 882 secretana-omne,
817 822 909 873 stillis

275 897 768 965 turpidnnonprodestcondituppcoidc
777 894 858 963 Lyde,
1023 878 1024 897 ¹

276 989 321 1026 nec
329 975 434 1039 prodest
443 974 509 1040 opita*
515 974 619 1038 patmos
625 974 752 1039 praebere
761 970 890 1038 luperco.

313 1046 381 1101 Vicit
393 1053 418 1100 et
428 1045 477 1100 hoc
490 1053 639 1100 monstrum
650 1045 758 1100 tunicati
770 1043 873 1099 luscino
884 1041 1016 1111 Gracchi,

276 1120 450 1191 lustravitque
459 1118 521 1194 luga
533 1120 646 1175 mediam
659 1119 787 1193 gladiator
797 1137 935 1188 arenam,-

222 1205 261 1252 115
276 1205 301 1251 et
312 1195 466 1267 Capitolinis
474 1195 625 1269 generosior
635 1204 660 1250 et
670 1194 799 1251 Marcellis

274 1279 300 1327 et
312 1268 422 1336 Catulis,
433 1268 917 1342 PaullisqueminorihusetFahiiset

275 1347 401 1403 omnibus
415 1346 448 1401 ad
461 1345 572 1418 podium
582 1346 771 1418 spectantibus.
810 1345 857 1400 llis
867 1344 928 1402 licet
938 1296 1024 1427 ipsud

275 1421 425 1487 admoveas
438 1423 515 1476 cuius
524 1428 587 1477 tunc
596 1439 706 1477 munere
720 1421 783 1476 retia
797 1421 879 1476 misit

314 1499 379 1553 Esse
388 1495 490 1569 aliquid
499 1498 590 1555 Manes
600 1503 626 1551 et
634 1498 803 1553 subterranea
816 1514 906 1583 regna,

222 1586 261 1629 151
276 1580 301 1628 et
309 1579 426 1638 contum
440 1580 465 1627 et
474 1571 566 1646 Stygio
577 1591 656 1628 ranas
666 1571 692 1628 in
702 1571 807 1646 gurgite
816 1589 916 1645 nigras

278 1658 356 1720 atque
367 1665 420 1702 una
430 1649 542 1704 transire
552 1647 651 1704 vadum
662 1655 704 1702 tot
707 1646 791 1702 mdlra
799 1647 905 1721 cymh
1023 1620 1024 1703 l

278 1741 326 1778 nec
339 1740 414 1794 pueri
407 1722 547 1789 '‚credunt
564 1723 615 1779 nisi
630 1723 678 1795 qui
696 1722 813 1778 nondum
823 1740 881 1778 aere
891 1706 1024 1779 lavantur

278 1798 330 1854 Sed
339 1807 369 1853 tu
380 1816 440 1853 vera
450 1805 527 1870 puta:
549 1799 647 1854 Curius
657 1799 723 1870 quid
732 1798 820 1863 sentit
833 1806 857 1852 ct
866 1799 945 1853 ambo

277 1873 421 1945 Scipiadae,
434 1874 500 1946 quid
510 1874 647 1929 Fabricius
657 1891 802 1946 manesque
811 1873 922 1938 Camilli

223 1962 262 2007 155
277 1949 342 2022 quid
352 1949 489 2005 Cremerae
501 1949 579 2036 legio,
597 1957 622 2005 et
632 1950 730 2005 Cannis
741 1957 877 2004 consumta
886 1944 1024 2009 inventus.

279 2032 314 2081 tot
324 2024 453 2080 bellorum
463 2025 576 2090 animae,
593 2026 695 2097 quoties
705 2025 769 2080 hinc
780 2024 838 2079 talis
849 2024 880 2079 ad
893 2024 950 2079 illos

278 2101 375 2156 umbra
384 2099 474 2156 venit‘l
493 2100 625 2172 Cuperent
634 2099 783 2165 lustrari,
761 2119 782 2154 si
794 2118 846 2172 qua
855 2099 974 2158 darentur

277 2175 407 2248 sulphura
417 2193 478 2230 cum
488 2176 579 2242 taedis,
592 2185 618 2231 et
627 2176 650 2231 si
661 2175 726 2231 soret
736 2177 845 2231 humida
856 2175 951 2232 laurus.

278 2251 344 2306 llluc
353 2250 419 2306 heu!
441 2251 530 2306 miseri
541 2250 714 2307 traducimur.
749 2251 829 2307 Arma
840 2250 940 2325 quidem
951 2252 1017 2309 ultra

224 2338 263 2383 151
278 2328 352 2382 litora
363 2328 490 2383 Iuvernae
499 2327 690 2399 promovimus,
702 2334 728 2382 et
739 2327 817 2382 modo
827 2335 910 2398 captas
1023 2324 1024 2349 ¹

278 2402 401 2469 Orcadas,
412 2419 443 2458 ac
451 2403 561 2458 minima
572 2410 706 2458 contentos
716 2411 790 2459 nocte
798 2404 941 2458 Britannos:

278 2479 325 2534 sed
334 2497 403 2550 quac
413 2496 485 2534 nunc
493 2477 584 2551 populi
597 2479 664 2533 fiunt
673 2479 778 2534 victoris
787 2479 815 2533 in
825 2478 896 2542 urbo,
1023 2538 1024 2557 χ

280 2572 332 2608 non
343 2552 443 2610 iaciunt
452 2554 501 2619 illi,
513 2571 581 2626 quos
592 2553 715 2609 vicimus.
748 2555 782 2609 Et
792 2562 875 2608 tamon
884 2571 949 2609 unus
1023 2592 1024 2637 ,

279 2630 422 2683 Armenius
431 2630 530 2684 Zalates
540 2629 641 2683 cunctis
652 2638 772 2684 narratur
784 2628 889 2700 ephebis

225 2713 264 2756 155
279 2702 384 2759 mollior
393 2703 495 2758 ardenti
505 2721 561 2759 sese
570 2703 714 2758 indulsisse
723 2705 851 2759 Tribuno.

280 2775 402 2848 Adspice,
417 2778 483 2850 quid
493 2777 589 2834 iaciant
598 2780 768 2835 commercia!
790 2780 895 2835 Venerat
903 2778 978 2835 obsec.
1023 2768 1024 2807 ¹

767 3132 775 3144 ,
1023 3124 1024 3133 r
