2028 3224
269 271 318 324 l08
535 274 746 322 IUVENALIS

306 375 440 443 Quosdam
453 376 605 448 praecipitat
617 377 732 431 subiecta
744 375 860 446 potentia
868 393 991 452 magnae

269 451 399 520 invidiae3
421 452 516 525 mergit
527 451 604 525 longa
615 460 694 523 atque
703 450 817 525 insignis
828 451 969 509 honorum

269 528 380 601 pagina,
401 527 563 582 descendunt
573 534 672 581 statuae
683 534 831 597 restemque
841 537 1005 600 sequuntur.

269 604 342 674 lpsas
351 601 446 657 deinde
455 611 524 657 rotas
533 601 655 731 hillarum
666 602 778 673 impacta
788 603 889 656 securis

216 689 241 733 tt
269 677 362 742 caedit,
374 686 399 731 et
409 678 547 732 immeritis
584 685 804 750 angunturcrura
817 678 941 734 caballis.

269 755 325 809 lam
336 753 451 807 stridunt
464 753 547 826 ignes,
560 753 612 806 iam
623 752 730 806 follibus
740 760 819 823 atque
828 754 948 810 caminis

271 829 343 884 ardet
353 828 489 883 adoratum
500 827 599 900 populo
607 834 694 899 caput,
706 836 731 882 et
739 837 826 899 crepat
839 829 938 901 ingens

270 904 395 958 Seianus:
416 903 553 958 deindeex
563 902 627 957 lacie
637 903 760 957 tomorbe
773 904 888 957 secunda

271 979 339 1034 fiunt
349 978 455 1045 urceoli,
467 978 569 1050 pelves,
579 988 692 1052 sartago,
705 977 821 1049 patellae.

217 1065 243 1108 os
270 1055 340 1109 Pone
349 1053 420 1107 domi
431 1053 528 1118 lauros,
540 1054 592 1107 duc
603 1054 628 1107 in
641 1052 767 1124 Capitolia
778 1070 910 1126 magnum

270 1136 451 1199 cretatumque
463 1129 573 1183 bovem:
594 1127 705 1182 Seianus
713 1129 819 1183 ducitur
829 1146 898 1184 unco

270 1202 443 1276 spectandus:
463 1202 581 1277 gaudent
592 1219 694 1258 omnes.
728 1205 799 1270 Quae
810 1207 895 1268 lubra,
914 1210 1001 1276 quteil

269 1283 357 1336 vultus
366 1279 437 1333 erut!
463 1279 619 1349 Numquam,
630 1284 654 1333 ei
664 1284 726 1349 quid
735 1282 798 1333 milri
809 1284 903 1344 credis,
916 1288 1002 1336 amovi

270 1358 481 1411 tunctomtnem.
509 1353 561 1410 Sed
573 1372 624 1424 quo
633 1359 726 1410 cecidit
734 1357 781 1408 sub
790 1355 921 1410 crimine?
946 1358 995 1423 Ου’

620 1448 682 1486 nam

216 1516 242 1559 tu
270 1504 391 1561 delator?
413 1505 644 1572 Quibustadtcr'is?
664 1505 936 1576 quotesteprobovr't‘l

271 1579 333 1635 »Nil
344 1579 453 1635 horum:
475 1581 584 1636 verbosa
595 1589 619 1635 et
628 1580 738 1655 grandis
748 1579 856 1651 epistola
870 1583 945 1636 venit

272 1654 428 1727 aCaprais.«
446 1657 514 1709 Bene
523 1659 611 1724 habet·
622 1658 877 1724 ntlplusinterroyo.
895 1655 947 1711 Sed
958 1658 1000 1730 qni

271 1730 347 1784 turha
358 1728 452 1784 Remi?
468 1729 594 1800 Sequitur
602 1731 756 1793 Fortunam,
768 1736 798 1783 ut
807 1747 922 1802 semper,
934 1741 960 1787 et
968 1733 1005 1787 odi

181 1800 184 1805 ’
271 1805 418 1858 damnatos.
448 1803 519 1860 Idem
530 1803 655 1876 populus,
667 1804 690 1858 si
700 1805 796 1859 Nursia
806 1805 893 1861 Tusco
917 1818 922 1824 “

217 1890 243 1933 te
270 1878 385 1945 favisset,
398 1880 420 1933 si
431 1896 554 1951 oppressa
563 1880 628 1934 foret
637 1897 727 1935 secura
738 1889 858 1935 senectus

272 1955 408 2027 principis,
421 1956 470 2010 hac
479 1955 536 2027 ipsa
545 1954 668 2010 Seianum
679 1956 774 2010 diceret
783 1956 846 2010 hora

272 2031 434 2103 Augustum.
463 2032 516 2085 lam
527 2032 639 2103 pridem,
651 2049 684 2086 ex
695 2049 748 2103 quo
761 2031 886 2105 suffragia
897 2033 965 2088 nulli

272 2106 423 2170 vendimus,
435 2106 526 2181 elingit
535 2125 619 2162 curas.
652 2109 719 2162 Nam
730 2106 777 2179 qui
787 2106 866 2160 dabat
875 2107 938 2162 olim

273 2180 424 2251 imperium,
437 2180 527 2246 fasces,
542 2182 667 2256 legiones,
679 2182 777 2246 omnia,
790 2199 899 2236 nuucse

219 2267 244 2308 tt
272 2255 394 2321 eontinet,
406 2264 484 2327 atque
493 2255 560 2311 duas
570 2265 672 2312 tantum
682 2276 724 2311 res
735 2257 831 2311 auxius
840 2264 921 2329 optat,

271 2348 367 2404 panem
377 2338 402 2385 et
412 2330 557 2386 Circenses.
587 2333 736 2387 »Perituros
745 2333 825 2387 audio
834 2332 960 2388 multoe«

272 2407 448 2475 Nimietatem,
467 2424 563 2476 moeno
577 2416 614 2461 eet
623 2408 787 2477 fornacula(
803 2407 967 2464 »Pallidulus
981 2428 1004 2463 m

271 2481 407 2536 Brutidr'us
416 2498 491 2536 mens
502 2481 536 2536 ad
546 2482 637 2536 lllartis
649 2482 699 2537 fuit
709 2483 805 2538 obvius
815 2501 897 2537 aram.

273 2555 358 2623 Quam
368 2558 456 2622 timeo,
468 2557 554 2612 victus
566 2574 598 2613 ne
610 2574 707 2629 poenas
717 2558 806 2631 exigat
816 2559 892 2623 Aiax,
1008 2616 1009 2629 ἶ

218 2642 244 2685 85
272 2641 301 2686 ut
310 2633 379 2688 male
387 2631 524 2689 defensus!
555 2633 700 2688 Curramus
714 2634 876 2705 praecipites,
890 2641 922 2699 et,
1008 2666 1009 2671 κ

272 2708 338 2763 dum
347 2707 413 2763 iacet
422 2709 451 2764 in
461 2709 527 2781 ripa,
539 2708 670 2764 calcemus
680 2708 798 2764 Caesaris
809 2709 917 2764 hostem.
1008 2746 1009 2753 κ

272 2782 324 2839 Sed
333 2784 440 2841 videant
453 2786 532 2853 servi,
545 2786 649 2857 nequis
661 2793 744 2860 neget,
763 2792 788 2839 et
797 2784 923 2856 pavidum
933 2786 960 2841 in
973 2785 1009 2838 ius
