2072 3332
279 344 424 390 sauma
441 343 485 390 Vl.
723 338 758 393 69

23 442 123 498 imbus
134 442 228 498 effusis
239 444 338 499 bellum
348 445 487 500 dirimente
495 431 607 500 Sabina:

24 538 71 574 ara
82 520 142 573 avis
153 520 278 586 interris,
291 520 664 595 nigroquesrmillrmacycnc)
773 533 813 577 155

23 595 67 649 8ἰ8
76 594 141 649 leret
152 612 275 660 uxorem
289 597 331 649 cui
342 595 576 651 coustanlomnia‘l
594 597 672 663 Malo,

23 670 80 724 ralo
89 671 268 736 Venusinam
280 689 362 742 quarn
373 679 406 736 te,
418 671 537 727 Cornelia
548 680 631 727 mater

23 746 236 810 racchnrnm,
213 763 309 800 sicum
319 748 424 820 magnis
435 747 577 802 virtutibus
589 748 665 803 affers

23 821 107 875 rande
115 821 300 892 supercilium,
311 829 337 876 et
345 840 470 877 numeras
480 823 508 877 in
517 825 576 877 dote
584 822 742 894 triumphos.

23 896 79 951 'olle
88 904 179 962 tuum,
191 913 291 968 precor,
307 897 480 952 Hannibalem
490 897 643 970 victumque
652 899 756 974 Sypha·

413 990 469 1028 cem
773 986 813 1028 liu

23 1067 34 1101 1
46 1047 151 1113 castris,
163 1054 189 1102 et
197 1046 259 1101 cum
269 1056 321 1102 tota
332 1048 489 1121 Cartbagine
499 1066 594 1122 migra.

44 1125 136 1187 Parce,
149 1141 254 1191 precor,
271 1125 366 1188 Paean,
377 1133 402 1178 et
411 1134 447 1188 lu,
460 1126 523 1188 Deo,
531 1142 598 1193 poce
607 1131 733 1195 eupitius:

24 1203 46 1253 il
51 1204 132 1267 pueri
140 1203 253 1269 faciunt,
265 1203 349 1268 ipsum
359 1204 476 1269 conficite
485 1202 608 1255 mutreio!

23 1275 144 1345 imphion
155 1273 265 1329 clamat:
286 1274 426 1329 sedPaean
436 1275 674 1331 contrabilorcum.

23 1349 185 1422 {xtulitlergo
197 1366 305 1422 gregem
315 1357 435 1404 natorum
446 1351 589 1421 ipsumque
598 1359 742 1422 parentem,
774 1364 813 1406 175

23 1440 73 1480 lum
82 1426 137 1481 sibi
149 1424 264 1479 nobilior
273 1425 387 1479 Latonae
398 1434 476 1498 geute
485 1425 590 1480 videtur

27 1509 86 1572 tque
95 1500 189 1555 eudem
200 1499 283 1554 scrofa
296 1500 379 1555 Niobe
389 1499 523 1555 fecundior
531 1500 601 1554 alba.

23 1575 82 1640 luae
92 1576 159 1630 tanti
169 1575 296 1648 gravitas
308 1592 388 1663 quae·
385 1575 478 1641 forma,
489 1583 555 1630 utse
566 1575 614 1630 tibi
625 1592 727 1653 semper

23 1649 141 1723 mputet‘?
160 1650 246 1704 llurus
255 1667 327 1704 euim
337 1651 389 1705 rari
402 1668 557 1723 summique
565 1650 687 1722 voluptas

23 1727 82 1781 lulla
93 1725 157 1780 boni
161 1726 282 1797 quoties
292 1727 634 1799 enimoocrruplusuperbo
774 1739 813 1782 180

23 1801 71 1856 alus
81 1800 162 1863 aloes,
175 1818 257 1872 quarn
268 1800 354 1855 mellis
363 1802 451 1856 babet.
484 1802 549 1870 Quis
559 1802 664 1856 deditus
675 1812 761 1857 aulem

23 1895 96 1949 isque
106 1877 171 1930 adeo
181 1883 229 1940 est,
241 1884 270 1931 ut
282 1894 335 1931 non
346 1876 428 1942 illam,
440 1895 522 1949 quam
532 1877 656 1932 laudibus
666 1878 747 1943 effert,

23 1961 123 2015 norreal,
138 1951 220 2022 inque
229 1950 284 2005 dim
294 1952 409 2023 septenis
417 1953 500 2007 oderit
509 1952 601 2007 horis‘l

50 2026 185 2094 Quaedam
196 2043 275 2098 parva
286 2027 403 2099 quidem,
411 2027 769 2083 sednonlolerandamaritis

23 2102 157 2174 Numquid
168 2102 310 2166 rancrdrus
322 2103 733 2175 quamquodsencnputatulli
773 2114 812 2156 ⁴85

23 2176 165 2244 formosam,
178 2196 229 2232 nisi
239 2196 308 2250 quae
316 2178 349 2233 de
358 2179 443 2233 Tusca
454 2178 580 2234 Graecula
589 2179 654 2234 lacta
664 2180 721 2234 est‘l

23 2252 50 2307 le
61 2252 230 2308 Sulmonensi
238 2271 310 2307 mera
305 2253 458 2341 Cecropis?
477 2253 573 2310 Omnia
585 2254 691 2316 Graece

37 2346 99 2383 uum
111 2328 144 2382 sit
155 2336 231 2399 turpe
242 2329 326 2401 magis
336 2329 441 2390 uostris.
455 2330 555 2385 nescire
564 2331 665 2384 Latine.

78 2420 197 2459 sermone
208 2411 313 2474 pavent
325 2405 390 2459 boc
383 2422 448 2459 uam
452 2405 577 2478 gaudia,
587 2422 675 2468 curas,

74 2487 164 2534 cuncta
174 2478 313 2533 effundunt
322 2498 404 2535 anum
414 2488 517 2535 secreta
537 2479 607 2546 Quul
618 2477 706 2533 ultra?
773 2489 812 2533 188

51 2555 193 2609 ncumbunt
202 2553 307 2609 Graece.
336 2557 421 2610 Dones
431 2563 517 2610 tamen
530 2556 579 2609 isla
591 2552 700 2625 puellis:

51 2647 82 2684 ne
91 2630 176 2693 etiam,
188 2647 270 2700 quarn
281 2636 371 2685 sextus
381 2639 406 2685 et
413 2631 589 2704 octogesimus
600 2646 685 2682 annus

58 2703 113 2769 lsai,
125 2705 211 2760 adbuc
221 2704 337 2759 Graece‘l
355 2708 414 2760 Non
423 2713 463 2760 est
471 2706 514 2760 bic
523 2719 610 2759 sermo
619 2704 732 2775 pudicus

58 2779 147 2835 vetula.
177 2779 284 2846 Quoties
296 2779 444 2835 lascivum
436 2780 576 2835 intervenit
585 2778 653 2834 illud

31 2920 35 2939 θ
71 2863 171 2913 ΗΚΑΙ
187 2853 663 2912 ²1¹YXJJ?Modosublodroerelictrs
774 2862 812 2905 185
