2072 3332
312 270 460 317 situlus
477 271 523 316 IV,
757 268 792 321 55

27 376 80 425 aut
90 385 180 424 emere
189 367 306 435 auderet,
317 389 404 443 quum
412 371 491 444 piena
498 390 529 427 ce
538 372 614 427 litora
623 373 709 429 multo

30 444 151 501 delatore
159 443 264 500 forent?
281 446 394 518 dispersi
404 456 529 519 protenus
539 447 614 520 aigae

33 519 210 593 inquisitores
218 529 394 594 agereotcum
403 523 504 596 remige
516 523 597 588 nudo,

33 613 89 651 non
98 595 249 650 dubitaturi
260 596 403 669 fugitivum
413 598 500 652 dicere
508 599 617 668 piscem,
819 611 845 653 st

32 671 233 742 depastumque
242 669 290 727 diu
300 672 401 728 vivaria
411 672 540 736 Caesaris,
552 673 614 728 inde

33 746 159 817 elapsum
170 754 284 801 vetarem
296 747 330 802 ad
338 747 479 803 dominum
491 748 585 803 debere
596 749 699 804 reverti.

32 821 62 877 Si
72 821 142 892 quid
151 820 276 885 Palfurio,
288 823 310 876 si
320 823 454 878 credimus
463 822 611 886 Armillato,

33 895 172 970 quidquid
181 897 353 968 conspicuum
365 897 542 971 pulcrumque
550 908 590 953 est
601 917 715 971 aequore
724 908 785 966 toto,

34 990 77 1027 res
88 972 148 1026 fisci
159 980 208 1037 est,
220 972 384 1045 ubicumque
393 981 474 1029 namt.
502 974 728 1049 Donabiturergo,
758 996 762 1001 ·
819 987 844 1030 5⁵

34 1066 70 1102 ne
78 1054 180 1119 pereat.
212 1048 267 1102 tarn
278 1047 377 1104 letifero
385 1049 492 1104 cedente
501 1049 606 1121 pruinis

35 1131 194 1187 anctumno,
207 1122 260 1177 iam
272 1133 429 1195 quartanam
443 1124 611 1195 sperantibus
621 1126 717 1198 aegris,

36 1198 167 1253 stridebat
176 1197 301 1253 deformis
311 1199 417 1273 hyems,
428 1200 607 1272 praedamque
617 1208 745 1255 recentem

35 1274 173 1328 servabat:
196 1282 282 1328 tamon
293 1274 336 1329 hic
345 1283 476 1346 properat,
491 1274 778 1349 veluturgeatnuster.

36 1349 126 1421 thue
137 1348 211 1403 locus
221 1348 356 1414 suberant,
364 1350 420 1418 ubi,
432 1368 597 1422 quamquam
607 1349 799 1415 diruta,servat
818 1362 844 1406 to

36 1425 128 1498 ignem
138 1424 282 1478 Troianum
292 1432 319 1479 et
326 1425 432 1480 Vestam
442 1425 503 1480 coiit
511 1425 578 1480 Atha
589 1425 729 1492 minorem,

34 1499 140 1555 obstitit
149 1499 256 1553 intranti
267 1500 387 1554 miratrix
397 1500 475 1555 turba
484 1518 637 1573 parumper.

37 1576 69 1630 Ut
77 1574 166 1640 cessit,
180 1572 248 1628 iaciii
259 1581 399 1646 patuerunt
406 1575 512 1631 cardina
522 1575 624 1632 valvae.

35 1650 147 1705 Exclusi
158 1658 309 1719 exspectant
316 1650 434 1706 admisse
443 1651 552 1722 opsonia
562 1652 661 1707 Patres.

36 1725 137 1780 iturad
147 1725 273 1779 Atridam.
303 1726 372 1780 Tum
383 1727 485 1790 Picens,
496 1727 598 1795 Accipe,
609 1727 686 1792 dixit,
818 1738 844 1782 65

33 1805 151 1872 privatis
160 1805 263 1856 maiora
274 1806 354 1871 foria:
372 1805 484 1871 genialia
492 1811 590 1872 agatur

35 1883 86 1931 iste
98 1881 168 1943 dice·
186 1881 467 1944 propercatmtocirum
477 1880 689 1948 iccorcraqinis,

38 1962 60 2006 rt
72 1961 119 2006 tua
128 1960 259 2005 amentum
273 1969 391 2007 merome
400 1958 429 2007 in
438 1957 544 2008 maculo
553 1957 693 2008 rhombum.

39 2029 96 2095 ipsc
107 2031 169 2093 copi
177 2029 272 2081 notuit:
292 2032 355 2096 quid
364 2027 502 2095 apertius?
520 2029 554 2082 Et
565 2036 653 2083 tamen
663 2028 704 2085 illi

37 2101 185 2174 surgebant
192 2101 295 2156 cristae.
326 2102 398 2156 Nihil
412 2111 460 2164 est,
472 2104 545 2175 quod
554 2103 659 2159 credere
671 2104 704 2161 de
713 2123 743 2161 se
817 2117 844 2159 tc

39 2195 90 2232 non
102 2176 194 2248 possit,
207 2193 293 2247 quum
304 2176 426 2233 laudatur
436 2180 480 2232 Dis
491 2197 574 2252 acqua
584 2188 707 2252 potestas.

38 2252 89 2306 Sed
99 2252 188 2306 deerat
197 2252 263 2323 pisci
273 2252 376 2324 patinae
387 2270 520 2310 mensura.
550 2256 683 2312 Vocantur

38 2345 100 2402 ergo
111 2328 139 2382 in
147 2326 290 2382 concilium
300 2345 428 2399 proceres,
442 2345 510 2401 quos
518 2330 607 2386 oderat
617 2331 675 2399 iiie3

40 2403 191 2475 inquorum
205 2401 269 2457 facie
278 2403 389 2459 miserae
401 2421 566 2478 magnaeque
575 2406 682 2461 sedabat

39 2478 123 2550 patior
132 2478 272 2533 amicitiae.
302 2480 418 2545 Primus,
429 2481 559 2537 clamante
569 2482 697 2546 Liburno,
817 2493 843 2536 tt

43 2553 160 2609 Currite!
177 2555 322 2609 icmaedit!
340 2564 413 2626 rapta
424 2557 578 2629 properabat
588 2555 674 2611 abolla

40 2630 165 2703 Pegasus,
179 2627 310 2684 adtonitas
319 2631 422 2701 positus
432 2633 510 2687 modo
520 2631 717 2689 viiiicusUrhi:

39 2702 793 2783 ianneaiiudtuocPraeiectiijqucrumoptimushicatque

41 2781 167 2854 interpres
174 2777 265 2855 legum
275 2780 469 2849 muniamus,
480 2784 570 2839 omnia
580 2800 746 2859 quamquam
