2028 3224
281 211 314 262 92
548 211 758 258 IUVENALIS

280 324 305 370 et
313 322 386 387 pater
396 314 480 386 ipsius
490 321 588 375 coetus,
601 330 634 368 ne
643 312 729 382 turpia
740 310 845 375 ludant,

226 398 266 444 llo
281 409 314 445 ne
326 389 421 444 laciant
430 390 541 444 vicibus.
571 390 628 444 Nou
638 396 678 441 est
689 388 752 450 leve,
764 394 802 440 tot
812 405 967 457 puerorum

280 466 419 520 observare
428 482 525 519 manus
534 463 677 535 oculosque
686 464 714 516 in
725 461 778 515 line
787 469 948 518 trementes.

281 542 357 604 Haeo,
368 540 464 612 inquit,
475 557 560 600 cures.
572 546 606 604 et,
619 556 704 610 quum
714 554 743 591 se
754 539 865 592 verterit
876 559 976 599 annus,

282 616 377 687 accipe,
392 615 482 671 victori
492 613 608 687 populus
618 614 690 686 quud
699 612 823 686 postulat,
837 633 954 670 aurum.

455 850 705 908 'SATIRA
752 851 848 909 Vlll.

284 994 326 1033 AB
333 993 359 1031 G·
372 993 404 1028 De
416 991 473 1028 vitiis
484 990 594 1037 nobilium,
607 991 679 1041 qulbus
688 992 799 1042 opponitur
807 1003 856 1028 vern
869 993 969 1030 nobiliter

618 1056 690 1094 virtus.

324 1131 472 1193 Stemmata
486 1138 552 1210 quid
566 1137 682 1194 faciunt?
704 1138 770 1211 quid
788 1140 911 1211 prodest,
924 1140 989 1194 Pont'

689 1214 732 1270 lon
752 1232 768 1269 o

286 1290 416 1364 sanguine
425 1289 534 1354 censeri,
546 1293 680 1362 pictosque
689 1232 824 1345 ostegndere
834 1290 933 1345 vultus

286 1368 426 1428 maiorum,
439 1372 465 1419 et
474 1373 572 1420 stantes
581 1367 609 1420 in
619 1367 741 1420 curribus
752 1364 929 1431 Aemilianos,

286 1450 311 1496 et
321 1441 414 1497 Curios
424 1442 476 1494 iam
486 1441 620 1503 dimidios,
633 1442 811 1513 humerosque
821 1442 955 1496 minorem

287 1517 441 1584 Corvinum,
458 1522 483 1570 et
498 1515 610 1572 Galbam
621 1517 746 1571 auriculis
757 1533 877 1587 nasoque
885 1525 984 1571 carente

287 1592 353 1659 Quis
363 1591 463 1645 fructus
473 1594 576 1663 generis
586 1592 674 1647 tabula
683 1593 776 1647 iactare
784 1592 874 1663 capaci

299 1668 443 1722 Corvinum
451 1708 457 1729 .
466 1667 575 1737 posthac
583 1668 666 1723 multa
677 1671 828 1740 contingere
839 1665 927 1742 virga]

299 1758 401 1797 amoses
411 1742 539 1813 Equitum
549 1760 611 1798 cum
622 1745 748 1798 Dictatore
758 1743 907 1816 magistros,

287 1818 311 1871 si
323 1834 411 1871 coram
422 1817 527 1888 Lepidis
537 1818 605 1872 male
615 1818 731 1872 vivitur?
749 1818 859 1891 Effigies
867 1835 924 1889 quo

235 1905 259 1946 ro
288 1900 324 1947 tot
336 1892 503 1957 bellatorum,
515 1893 538 1946 si
550 1893 651 1948 luditur
660 1893 713 1948 alea
725 1910 825 1964 pernox

288 1976 348 2024 ante
356 1968 544 2036 Numantinos3
566 1969 589 2023 si
598 1968 713 2023 dormire
723 1968 818 2040 incipis
828 1976 887 2022 ortu

288 2042 410 2110 Luciferi,
422 2061 476 2116 quo
484 2044 561 2117 signa
570 2044 650 2099 duces
660 2052 684 2098 et
693 2051 776 2098 castra
789 2045 945 2099 movebant?

289 2119 344 2174 Cur
352 2119 525 2192 Allobrogicis
533 2126 559 2173 et
567 2138 663 2193 magna
673 2121 786 2193 gaudeat
795 2137 839 2173 ara
991 2126 992 2189 l

289 2200 368 2248 natus
378 2195 405 2248 in
415 2193 540 2248 Herculeo
548 2196 647 2250 Fabius
658 2195 720 2258 lare,
731 2196 755 2249 si
764 2195 885 2265 cupidus,
899 2196 921 2248 si
991 2196 992 2259 l

229 2270 260 2323 '15
288 2286 375 2324 vanus
386 2277 413 2324 et
421 2270 545 2342 Euganea
558 2271 731 2342 quantumvis
741 2269 845 2325 mollior
854 2270 939 2343 agna?

289 2346 313 2399 si
323 2352 443 2399 tenerum
452 2344 562 2399 adtritus
573 2346 705 2400 Catinensi
716 2346 821 2417 pumice
832 2345 948 2400 lumbum

290 2420 441 2492 squalentes
451 2419 571 2491 producit
579 2438 651 2485 avos,
664 2430 800 2493 emtorque
809 2421 902 2476 veneni

290 2495 434 2569 frangenda
443 2495 567 2549 miseram
581 2494 694 2551 funestat
704 2498 819 2570 imagine
827 2495 945 2569 gentem?
991 2492 992 2567 l

291 2572 354 2625 Tota
365 2570 423 2624 licet
431 2578 531 2625 veteres
542 2579 668 2625 exornent
678 2572 797 2642 undique
803 2589 874 2626 cerae

237 2655 263 2699 tt
291 2647 365 2705 atria,
378 2646 499 2700 nobilitas
510 2644 565 2699 sola
574 2654 613 2701 est
622 2647 786 2718 arqueunica
799 2649 891 2702 virtusz
991 2706 992 2709 Ἴ

292 2718 390 2776 Paulus
399 2719 441 2773 vel
452 2720 550 2777 Cossus
559 2720 601 2775 vel
612 2723 712 2775 Drusus
722 2722 841 2775 moribus
850 2729 913 2778 esto:
991 2720 992 2789 l

991 2806 992 2835 l
