2028 3224
283 303 332 354 llll
549 305 759 353 IUVENALIS

282 407 413 481 sanguine
422 407 547 462 causidici
558 407 717 462 maduerunt
726 415 809 462 rostra
820 407 930 479 pusilli.

283 483 475 553 Osortunatusm
485 493 575 538 natam
583 501 622 537 nie
632 487 735 537 552255ιὶ5
746 484 870 538 Romam!

282 558 379 612 Antoni
391 557 493 631 gladios
503 558 588 629 potuit
599 567 772 623 contemnere,
784 559 807 611 si
819 559 859 612 sic

282 635 371 688 emnia
381 633 501 688 dixisset.
532 632 649 687 Ridenda
660 640 779 704 poemata
790 633 872 697 malo,

229 719 266 760 225
256 726 363 782 quam
373 716 398 762 te
410 724 574 779 conspicuae
587 707 677 762 divina
689 708 845 780 Philippica
858 676 957 773 lamae,

284 783 396 838 volveris
407 802 421 838 a
431 784 517 855 prima
527 801 595 854 quae
604 783 735 854 proxima
763 783 866 837 Saevus
880 793 907 838 52
919 784 992 838 illum

283 860 370 913 exitus
380 859 486 931 eripuit,
499 876 580 930 quem
591 859 755 912 mirabantur
764 859 886 912 Athenae

284 942 433 999 torrentem,
444 941 470 988 et
479 933 550 1006 pleni
565 933 742 988 moderantem
754 932 826 987 frena
837 934 945 988 theatri.

283 1011 329 1062 Dis
342 1009 384 1063 ille
394 1009 512 1064 adversis
522 1009 628 1083 genitus
638 1007 743 1079 fatoque
753 1009 872 1072 sinistro,

230 1094 269 1136 130
284 1102 365 1156 quem
376 1093 457 1155 pater,
469 1083 584 1138 ardentis
595 1101 696 1138 massae
706 1082 817 1156 iuligine
830 1083 935 1155 lippus,

284 1178 297 1212 a
309 1159 419 1213 carbone
429 1167 454 1212 et
463 1158 615 1229 forcipibus,
627 1158 782 1232 gladiosque
794 1167 906 1229 parante

284 1234 388 1298 incude,
402 1241 427 1287 et
437 1233 506 1288 luteo
516 1233 632 1289 Vulcano
642 1234 676 1288 ad
686 1233 787 1288 rhetora
799 1234 882 1288 misit.

321 1308 451 1364 Bellorum
462 1310 582 1374 exuviae,
593 1309 694 1363 truncis
703 1308 782 1363 affixa
792 1310 908 1380 tropaeis

285 1385 371 1449 lorica,
384 1392 409 1438 et
418 1383 496 1438 hacta
506 1384 539 1438 de
547 1384 648 1438 casside
658 1384 769 1438 buccula
778 1384 910 1456 pendens,

231 1471 269 1514 235
284 1469 308 1515 52
317 1468 422 1514 curtum
431 1467 535 1514 temone
545 1459 649 1532 iugum,
660 1459 796 1530 victaeque
805 1459 925 1515 triremis

286 1535 410 1606 aplustre,
422 1544 447 1589 et
456 1551 563 1590 summo
574 1535 656 1588 tristis
665 1535 786 1605 captivus
796 1534 822 1588 in
835 1551 908 1599 arcu,

286 1612 411 1665 humanis
420 1611 518 1665 maiora
527 1610 604 1664 honis
614 1609 771 1664 creduntur:
795 1610 828 1664 ad
838 1609 904 1664 haec
914 1627 943 1663 se

285 1688 420 1740 Romanus
431 1684 581 1756 Graiusque
591 1702 621 1739 ac
630 1685 759 1738 barbarus
770 1685 942 1756 endoperator

188 1802 192 1812 .
285 1761 381 1825 erexit,
404 1777 498 1814 causas
507 1759 670 1814 discriminis
680 1769 759 1832 atque
773 1759 870 1814 laboris

232 1844 270 1890 222
285 1835 347 1891 inde
357 1835 461 1891 habuit.
491 1836 574 1889 Tanto
584 1834 668 1890 maior
677 1834 763 1890 famae
772 1836 830 1889 sitis
842 1841 890 1901 est,
905 1854 988 1908 quam

286 1911 400 1967 virtutis.
430 1910 496 1977 Quis
506 1910 577 1966 enim
588 1911 710 1967 virtutem
721 1910 887 1982 amplectitur
898 1911 993 1982 ipsam.

285 1987 401 2060 praemia
414 1988 437 2041 si
447 1985 541 2042 tollas‘l
558 1987 672 2041 Patriam
684 1995 770 2041 tamen
780 1986 869 2041 obruit
878 1985 942 2041 olim

284 2063 367 2137 gloria
378 2080 532 2134 paucorum,
544 2070 570 2118 et
578 2061 665 2117 laudis
675 2062 798 2134 titulique
808 2061 914 2133 cupido,

287 2139 392 2194 haesuri
402 2139 474 2193 saxis
485 2139 605 2193 cinerum
615 2137 778 2201 custodibus,
791 2137 902 2209 adquae

228 2221 271 2269 225
285 2212 449 2268 discutienda
459 2213 545 2268 valent
555 2213 652 2268 sterilis
661 2213 730 2268 mala
743 2213 834 2268 robora
845 2212 925 2280 licus3

286 2287 566 2360 quandoquidemdata
577 2297 640 2344 sunt
650 2289 827 2361 ipsisqucque
837 2286 887 2341 fata
895 2287 987 2359 sepulc

286 2363 413 2436 Expende
421 2362 609 2419 Hannibalem:
629 2372 694 2436 quot
702 2363 783 2418 libras
795 2364 820 2417 in
832 2363 897 2418 duca
906 2381 995 2418 summ

287 2438 423 2494 invenies?
442 2438 490 2493 llic
499 2447 547 2503 est,
560 2456 640 2509 quem
651 2457 703 2494 non
715 2440 784 2511 capit
793 2437 889 2505 Africa,
899 2439 990 2494 Mauro

287 2532 408 2586 percusse
419 2513 530 2578 Oceano,
542 2513 655 2585 Niloque
664 2515 766 2569 admota
776 2514 881 2585 tepenti,

234 2601 272 2643 252
287 2607 380 2644 rursus
393 2589 427 2643 ad
440 2589 599 2660 Aethiopum
614 2589 733 2660 populos,
746 2589 865 2660 altosque
873 2588 980 2660 elephan

287 2664 401 2719 Additur
412 2664 528 2735 imperiis
539 2663 678 2733 Hispania:
700 2667 864 2736 Pyrenaeum

288 2738 411 2793 transilit.
442 2738 572 2810 Opposuit
583 2746 675 2791 natura
684 2738 832 2809 Alpemque
842 2737 992 2812 niuemque:
1003 2720 1004 2787 l

288 2812 390 2869 diducit
398 2813 529 2884 scopulos,
541 2822 566 2867 et
575 2820 690 2867 montem
700 2815 800 2884 rumpit
808 2820 886 2867 aceto.
