2072 3332
250 310 398 356 sunnin
418 309 468 355 Vs
685 306 718 359 63

12 428 28 462 e
39 408 116 464 illum
128 411 231 475 uxoris,
243 418 390 481 postquem
401 410 438 464 nil
448 409 565 482 amplius
574 411 635 466 edu

12 486 83 539 Virro
93 486 146 539 sibi
157 493 183 540 et
192 484 302 556 reliquis
311 486 467 541 Virronibus
480 486 525 540 illa
535 486 636 541 iubebit

12 579 47 612 na
58 561 126 623 dari,
138 578 255 632 querum
266 559 322 614 sole
331 561 447 632 pascaris
455 561 547 629 cd0r03
735 573 774 616 15⁰

12 635 59 687 uia
71 643 214 706 perpetuus
225 636 372 690 Phaeacum
383 644 542 690 auctumnns
553 635 678 705 habebet3

12 710 73 763 [lere
82 726 153 782 quae
162 710 249 782 possis
262 711 385 782 subrepta
395 712 530 765 sororibus
541 710 631 766 Afris..

17 784 107 838 scabie
117 784 214 839 frueris
224 785 296 848 mali,
308 786 380 857 quod
390 786 418 840 in
428 803 522 860 aggere
531 786 607 849 rudit,

12 860 15 911 i
28 859 126 931 tegitur
135 877 228 931 parma
238 868 263 914 et
271 860 354 933 galea,
367 869 539 932 metuensque
549 861 658 934 flagelli-

12 935 47 987 eil
59 935 93 988 ab
103 934 207 989 hirsuta
218 935 332 990 iaculum
344 944 466 1008 torquere
474 935 582 1007 capella.
735 948 775 991 155

12 1010 128 1063 Forsitan
140 1010 276 1080 impensae
285 1011 423 1065 Virronem
435 1027 540 1081 parcere
551 1010 658 1065 credas?

12 1085 96 1157 ragit,
111 1091 140 1139 ut
150 1084 254 1140 doleas:
276 1104 336 1140 nam
347 1103 417 1156 quae
425 1086 568 1150 comoedia,
580 1088 679 1141 mimus

12 1159 30 1212 is
41 1158 136 1214 melior
146 1158 266 1230 plorante
274 1159 355 1233 gulu‘l
373 1163 443 1233 Ergo
452 1163 540 1215 omnia
552 1162 628 1225 fiunt,

12 1235 99 1299 reseis,
111 1241 142 1288 ut
152 1252 199 1305 per
210 1234 340 1289 lacrumas
349 1235 481 1290 effundere
493 1236 573 1290 bilem

12 1310 81 1380 garis,
94 1326 240 1380 pressoque
249 1310 297 1364 diu
307 1311 416 1365 stridere
426 1311 529 1366 molari.
734 1324 773 1366 mn
833 1375 836 1380 .

20 1386 67 1439 tibi
80 1384 148 1438 liber
158 1385 238 1439 homo
246 1393 272 1442 et
281 1386 351 1459 regis
361 1387 472 1441 conviva
482 1386 590 1440 videris.

12 1460 558 1531 ptumtenidoresuueputalilleculinae:

12 1535 97 1590 :male
106 1535 240 1590 coniectat.
271 1534 337 1601 Quis
347 1537 418 1590 enim
429 1543 481 1590 tam
493 1536 591 1599 nudus,
603 1544 632 1591 ul
642 1535 717 1592 illurn

12 1612 97 1676 ierat,
109 1611 252 1665 Etruscum
263 1628 345 1681 puero
355 1611 378 1665 si
387 1612 497 1684 contigit
506 1628 611 1676 aurum,

22 1686 110 1742 nodus
122 1693 234 1750 tantum,
245 1693 271 1740 et
281 1686 389 1758 signum
399 1686 433 1740 da
443 1704 557 1757 paupere
567 1686 639 1741 lerc‘l
736 1701 775 1742 165

12 1781 33 1816 es
44 1764 114 1817 bene
124 1761 252 1815 coenandi
263 1780 309 1816 vos
319 1762 424 1833 decipit.
451 1762 516 1815 Ecce
528 1766 599 1816 dabir
610 1767 664 1818 ium

12 1855 94 1893 rerum
104 1840 225 1904 leporem,
237 1840 426 1905 atquealiquid
434 1842 466 1890 de
475 1841 592 1890 clunibus
601 1843 663 1906 apri
666 1880 671 1891 .

20 1930 67 1967 nos
76 1916 132 1966 iam
141 1917 224 1967 veniel
233 1917 319 1966 minor
328 1916 420 1966 altilia.
450 1912 612 1982 indeparalo

12 1996 225 2057 ueloqueomnes
235 1995 260 2040 et
269 1987 357 2041 stricto
367 2003 434 2057 pane
443 1988 540 2040 uerus.

12 2061 356 2134 asapinquitesieuruur.
386 2061 481 2116 Omnia
492 2061 558 2115 ferre
736 2074 775 2116 17⁰

12 2148 78 2210 potes
88 2136 217 2191 eldebea:
239 2137 398 2208 pulsandum
410 2137 504 2191 verlice
513 2154 572 2191 raso

12 2214 110 2268 rebebis
121 2211 282 2284 quandoque
291 2219 378 2282 caput,
393 2229 441 2266 nec
450 2211 516 2265 dura
526 2212 632 2266 timebis

12 2307 54 2362 gra
64 2288 128 2360 pali,
140 2288 184 2341 his
193 2287 280 2357 epulis
289 2296 315 2342 et
323 2286 368 2341 tali
378 2288 477 2361 dignus
488 2287 581 2342 amico.

189 2469 424 2527 SATIRA
456 2472 512 2527 Vl.

12 2590 50 2627 lG.
63 2588 112 2639 Agit
120 2589 144 2626 cle
155 2587 215 2626 viliis
224 2588 330 2626 mulierum
341 2603 385 2627 aune
397 2590 475 2637 uelutis,
485 2591 602 2628 ilimunrlenr
611 2588 721 2633 amicuma-

286 2653 411 2690 rrimouium.

17 2720 102 2783 Credo
110 2725 266 2799 pudicitiam
278 2725 390 2781 Saturno
401 2744 461 2798 rege
470 2733 597 2781 moratam

18 2804 99 2869 terris,
112 2803 255 2873 visamque
264 2801 320 2866 diu,
333 2819 418 2873 quum
428 2801 522 2874 frigida
531 2819 627 2873 parvas
