2028 3224
262 372 294 427 82
526 380 736 428 IUVENALIS

205 486 245 534 555
258 480 391 536 Divitibus
401 498 525 553 responsa
535 481 608 537 dabit
617 482 708 557 Phryx
722 500 809 557 augur
818 493 845 540 et
854 487 942 542 Indus

260 556 415 622 conductus,
426 557 499 613 dabit
509 566 639 613 astrorum
650 558 799 631 mundique
808 562 924 632 peritus,

259 639 340 705 atque
349 632 446 705 aliquis
456 634 552 698 senior,
564 633 612 706 qui
622 633 728 705 publica
737 632 845 708 fulgura
855 639 956 694 condit.

260 707 396 763 Plebeium
406 709 434 763 in
444 708 513 769 circo
525 710 641 781 positum
651 717 690 764 est
699 717 724 764 et
734 709 761 764 in
772 728 870 784 aggere
881 712 973 770 iatum.

260 781 333 849 Quae
342 783 423 838 nullis
436 783 546 858 longum
556 784 669 840 ostendit
679 784 826 841 cervicibus
836 805 948 857 aurum,

205 868 244 912 550
258 859 372 913 consulit
381 866 441 914 ante
450 858 542 932 phalas
552 859 792 933 delphinorumque
801 861 956 932 columnas,

259 952 292 989 an
304 952 366 1008 saga
376 935 499 990 vendenti
512 936 595 991 nubat
603 952 721 1007 caupone
733 934 833 993 relicto.

296 1011 350 1064 llae
361 1017 449 1066 tamen
459 1019 484 1066 et
494 1019 585 1083 partus
594 1012 709 1066 subeunt
721 1011 875 1079 discrimen,
888 1023 983 1071 etcmn

259 1085 370 1140 nutricis
379 1086 489 1141 tolerant
499 1086 602 1143 fortuna
613 1094 722 1160 urgente
732 1086 848 1157 labores;

259 1160 306 1216 sed
317 1161 381 1215 iacet
391 1168 481 1216 aurato
492 1162 538 1217 vix
549 1161 604 1217 ulla
615 1179 742 1234 puerpera
753 1162 824 1218 lecto.

205 1249 243 1292 555
259 1238 373 1291 Tantum
388 1243 455 1291 artes
465 1236 556 1303 huius,
581 1245 684 1292 tantum
699 1237 877 1294 medicamina
888 1259 973 1312 possu

259 1331 327 1385 quae
337 1311 437 1367 steriles
450 1312 510 1366 lacit
519 1320 598 1386 atque
607 1312 728 1368 homines
738 1314 765 1368 in
780 1321 872 1369 ventre
879 1319 983 1373 necand

259 1388 389 1444 conducit.
423 1387 523 1456 Gaude,
537 1387 638 1455 infelix,
653 1388 797 1461 atqueipse
808 1389 964 1448 bibendum

258 1465 370 1538 porrige,
381 1464 515 1537 quidquid
524 1465 587 1520 erit:
609 1481 671 1519 nam
680 1465 703 1518 si
713 1463 862 1521 distendere
872 1467 959 1525 vellet

260 1551 285 1595 et
294 1558 389 1596 vexare
398 1547 502 1596 uterum
512 1541 602 1613 pueris
612 1539 776 1605 salientibus,
787 1557 859 1596 esses

204 1627 244 1670 coc
258 1616 394 1688 Aethiopis
404 1615 513 1672 fortasse
521 1623 607 1689 pater3
628 1633 691 1671 mox
704 1615 807 1671 decolor
818 1616 898 1673 heres

259 1690 380 1763 impleret
388 1691 500 1756 tabulae,
513 1708 661 1764 numquam
671 1692 719 1747 tibi
729 1709 807 1747 mane
817 1692 967 1752 videndus.

296 1767 411 1821 Transeo
423 1768 573 1838 suppositos
583 1775 608 1821 et
617 1767 715 1841 gaudia
725 1774 839 1840 votaque
851 1786 936 1842 saepe

258 1841 292 1898 ad
303 1857 413 1914 spurcos
422 1842 528 1914 decepta
538 1842 619 1907 lacus,
633 1851 711 1917 atque
722 1843 783 1898 inde
791 1844 888 1916 petitos

257 1917 403 1992 pontifices,
416 1917 508 1988 Salios,
524 1917 682 1975 Scaurorum
693 1920 800 1974 nomina
810 1917 878 1974 falso

204 2006 243 2050 555
258 2011 364 2068 corpore
373 1993 482 2051 laturos.
511 1994 566 2051 Stat
574 1995 689 2050 Fortuna
701 1995 819 2067 improba
830 2003 921 2063 noctu,

258 2070 633 2128 arridensnudisiniantibus.
664 2069 901 2127 Hosiovetomnes

259 2146 423 2220 involvitque
432 2149 508 2217 sinu;
530 2147 655 2203 domibus
666 2164 737 2202 nunc
746 2145 858 2221 porrigit
867 2148 930 2204 altis
1006 2148 1007 2197 l

259 2230 440 2295 secretumque
453 2224 506 2279 sibi
523 2225 637 2278 mimum
652 2230 732 2295 parat.
766 2223 819 2278 llos
833 2223 997 2291 emathias

258 2298 363 2373 ingerit.
375 2305 454 2371 etque
463 2316 527 2354 suos
537 2300 625 2355 ridens
637 2298 757 2371 producit
766 2298 900 2355 alumnos.

205 2385 244 2428 aro
296 2373 469 2448 Hicmagicos
478 2374 551 2429 affert
560 2383 662 2440 cantus,
674 2375 719 2429 hic
728 2373 852 2429 Thessala
866 2376 957 2433 vendit

259 2450 365 2522 philtra,
379 2450 480 2522 quibus
490 2449 574 2505 valeat
583 2457 696 2505 mentun
707 2468 803 2505 vexere
813 2451 912 2516 mariti,

257 2534 284 2581 ct
295 2525 365 2582 solea
374 2525 480 2599 pulsare
491 2534 572 2581 nates.
604 2525 681 2593 Quod
690 2525 798 2597 desipis,
810 2524 871 2580 inde
879 2534 932 2596 est3

259 2600 321 2657 inde
331 2602 413 2658 enimi
422 2601 507 2676 caligo
517 2609 542 2657 et
552 2620 647 2674 magna
658 2601 757 2656 oblivio
767 2618 866 2667 rerum,

259 2694 328 2748 quas
342 2677 421 2733 modo
436 2677 552 2752 gessisti.
594 2678 693 2733 Tamen
706 2677 756 2732 hoc
765 2676 908 2742 tolerabile,
921 2677 943 2731 si
954 2686 1007 2747 nont

206 2761 245 2805 515
260 2761 285 2805 et
294 2750 380 2809 lurore
392 2753 511 2826 incipias,
523 2760 553 2809 ut
562 2751 712 2808 avunculus
722 2752 767 2807 ille
775 2752 897 2818 Neronis,
1004 2752 1007 2817 Ι

260 2826 304 2881 cui
315 2834 395 2882 totam
404 2828 510 2883 tremuli
520 2828 632 2884 frontem
645 2828 770 2885 Caesonia
780 2825 847 2899 pulli

262 2899 368 2957 inludit.
401 2901 474 2969 Quae
484 2921 536 2961 non
548 2903 631 2971 faciet,
645 2903 717 2976 quod
726 2901 856 2972 Principis
866 2901 952 2958 uxor?
