2028 3224
253 284 396 330 sauma
415 285 471 330 Vll.
697 280 730 331 89

15 406 58 442 am
69 385 190 441 Basilus.
222 387 288 440 Rara
298 385 325 439 in
335 386 408 439 tenui
418 384 538 439 facundia
552 403 647 456 panno.
747 396 786 441 145

15 462 93 518 ando
103 462 165 515 licet
173 460 278 515 flentem
289 460 375 514 Basilo
383 460 525 531 producere
536 460 664 514 matrem?

17 541 39 593 is
51 537 260 592 benedicentem
273 535 391 589 Basilum
402 535 484 590 leret?
504 537 618 606 Accipiat
632 543 656 590 te

19 614 76 678 llia,
89 612 134 667 vel
146 612 234 682 potius
245 610 375 665 nutricula
386 611 588 674 causidicorum,

15 690 76 752 rica,
91 689 114 741 si
126 687 227 758 placuit
236 685 381 741 mercedem
391 690 487 758 periere
498 685 610 759 linguae.

15 763 171 818 Declamare
183 761 278 816 doces?
296 760 413 816 Olerrea
423 770 526 833 pectora
540 763 621 828 Vectl,
748 776 785 818 ¹5⁰

16 858 65 893 um
75 838 186 910 perimit
198 854 289 891 saevos
300 836 392 890 classis
402 855 543 892 numerosa
553 840 693 910 tyrannus!

15 934 45 969 m
58 929 246 986 quaecumque
255 912 349 967 sedens
360 912 439 967 mode
448 912 552 986 legerat,
564 914 627 968 haec
636 916 725 969 eadem

83 1004 86 1008 “
388 995 460 1042 stans

15 1064 181 1135 dematque
190 1063 281 1117 eadem
293 1063 408 1117 cantabit
420 1064 542 1118 versibus
553 1065 645 1119 lsdem.

15 1139 83 1194 cidit
96 1140 208 1193 miseros
217 1138 323 1192 crambe
332 1139 438 1210 repetita
449 1140 598 1212 magistros.

15 1217 46 1270 ris
56 1215 129 1270 color
138 1223 163 1268 et
173 1214 730 1288 quodsitcausaegenus‚atqueubisummn
748 1227 785 1269 155

15 1291 110 1353 aestio,
122 1307 191 1362 quae
200 1289 308 1344 veniant
317 1289 437 1344 diversae
449 1289 513 1344 forte
522 1294 640 1364 sagittae,

15 1384 59 1420 sse
69 1365 164 1420 volunt
174 1383 275 1427 omnes,
287 1365 433 1420 mercedem
446 1365 547 1419 solvere
561 1384 646 1420 nemo.

15 1440 146 1496 lercedem
164 1439 297 1512 appellas?
316 1440 386 1507 Quid
401 1439 571 1495 enimsciola
591 1442 674 1513 Culpa
685 1442 732 1497 dc-

388 1516 471 1570 centis

15 1592 82 1647 ilicet
91 1591 222 1666 arguitur,
235 1590 307 1662 quod
317 1590 391 1647 laeva
401 1592 429 1646 in
440 1598 513 1664 parte
523 1589 656 1645 mamillae

15 1667 93 1722 lsalit
103 1667 229 1722 Arcadico
238 1666 337 1729 iuveni,
349 1667 427 1721 cuius
438 1666 504 1720 mihi
513 1674 588 1721 sexta
748 1680 786 1721 ltu

15 1761 91 1815 taque
100 1743 143 1798 die
153 1743 281 1797 miserum
292 1742 367 1797 dirus
376 1750 455 1816 caput
465 1742 594 1797 Hannibal
605 1742 704 1814 implet,

15 1819 117 1891 ridquid
129 1819 157 1873 id
166 1828 214 1884 est,
225 1818 259 1872 de
268 1835 322 1890 quo
332 1818 466 1883 deliberat,
479 1837 512 1873 au
522 1826 591 1890 petat
601 1820 696 1873 Urbem

15 1894 116 1958 lanniS,
129 1912 162 1949 an
173 1901 232 1966 post
242 1894 348 1948 nimbus
358 1904 383 1948 et
392 1893 504 1948 fulmina
514 1903 608 1948 cautus

15 1977 146 2045 :cumagat
156 1970 299 2024 madidasa
310 1977 461 2043 tempestate
470 1970 594 2024 cohortes'.

15 2053 119 2100 rantum
131 2046 172 2101 vis
181 2044 315 2117 stipulare,
328 2053 352 2100 et
359 2053 484 2117 protenus
494 2045 589 2114 accipe,
597 2044 668 2116 quod
678 2045 720 2110 do,
749 2054 786 2096 155

15 2162 16 2167 ¹
28 2122 103 2175 toties
113 2121 190 2176 illum
200 2129 273 2193 pater
283 2120 379 2175 audiat.
390 2152 428 2162 -
440 2121 508 2173 Haec
518 2119 562 2173 alii
575 2137 622 2174 sex

24 2196 112 2267 plures
122 2215 176 2251 uno
186 2195 348 2252 conclamant
357 2214 402 2251 ore
411 2195 557 2266 Sophiste,

26 2289 98 2326 veras
107 2273 207 2347 agitant
217 2271 284 2337 lites,
300 2280 402 2344 raptore
412 2271 509 2326 relicto.

15 2365 59 2402 use
70 2366 166 2403 venena
177 2347 264 2411 silent,
277 2347 363 2402 melus
374 2349 548 2420 ingratusque
560 2347 678 2408 maritus,

24 2441 90 2494 quae
99 2425 151 2479 iam
162 2431 261 2478 veteres
271 2430 366 2478 sanant
376 2423 499 2478 mortaria
508 2440 604 2478 caecus.
749 2428 787 2470 ltu

15 2516 59 2571 rgo
68 2501 118 2554 sibi
128 2499 202 2554 dabit
211 2500 267 2572 ipse
277 2499 415 2562 rudem-si
430 2507 515 2554 nestra
527 2496 671 2552 movebunt

15 2574 104 2640 insilia,
115 2582 141 2630 et
151 2576 220 2630 vitae
229 2574 365 2630 diversum
377 2575 425 2628 iter
435 2575 603 2648 ingredietur,

15 2650 148 2726 lpuguam
158 2654 206 2723 qui
216 2651 342 2706 rhetorica
352 2650 485 2704 deseendit
495 2650 528 2704 ab
537 2648 641 2711 umbra,

15 2727 123 2783 ammula
133 2745 166 2782 ne
177 2735 272 2798 pereat,
285 2745 339 2799 qua
349 2725 410 2781 vilis
420 2734 517 2779 tessera
530 2724 602 2777 venit

15 2805 127 2860 umenti:
149 2804 249 2877 quippe
259 2803 431 2858 haecmerces
442 2800 596 2854 lautissima.
630 2797 720 2858 Tenta,
752 2804 789 2846 575
