2072 3332
299 251 440 297 sacrun
464 252 485 321 r.
732 248 764 299 33

45 352 104 406 Cur
118 357 209 405 tamen
219 350 270 405 boc
279 351 367 423 potius
377 350 456 407 libeat
465 352 602 407 decurrere
610 370 711 424 campo,

4 445 56 499 por
72 443 159 498 quern
174 443 289 498 maguus
305 444 387 498 equos
397 426 537 482 Auruncae
546 426 618 482 llexit
628 427 763 495 alumnus,
794 439 820 483 2⁰
871 472 876 478 .

3 503 30 555 'si
43 508 124 556 vacat
132 509 159 555 et
168 501 265 573 placidi
275 502 400 557 rationein
410 503 558 568 admittitis,
570 503 657 558 edam.

7 578 101 643 Quum
116 585 189 630 tenor
199 593 308 631 uxorem
319 576 397 632 ducat
406 578 499 648 spado,
509 579 609 633 Maesia
620 579 736 633 Tuscum

3 654 75 727 :ligat
85 668 185 724 aprum
195 658 221 706 et
230 652 301 706 nuda
311 660 396 707 teneat
405 652 534 708 venabula
545 671 675 722 rnamma;

3 728 139 799 ‘patricios
149 744 242 782 omnes
251 729 347 798 opibus
357 746 442 800 quum
453 737 575 798 provocet
584 747 665 793 unus,

9 822 66 876 quo
78 802 206 857 tondente
217 802 307 875 gravis
317 804 406 857 iuveni
419 804 483 857 mihi
498 804 579 858 barba
589 804 712 860 sonabat:
793 816 818 858 25

10 896 99 951 quurn
111 895 175 949 pers
184 877 298 932 Niliacae
307 877 401 949 plebis,
413 896 497 950 quum
510 897 588 933 verna
600 879 700 952 Canopi

10 953 166 1026 Crispinus,
179 953 272 1027 Tyrias
283 954 393 1008 humero
402 961 538 1008 revocante
548 952 673 1020 lacernas,

3 1014 123 1099 lycutilet
135 1027 265 1082 aestivum
276 1028 367 1102 digitis
376 1028 534 1083 sudantibus
544 1047 650 1093 aurum,

4 1116 60 1193 proc
70 1103 183 1158 sullerre
192 1111 271 1175 queat
283 1103 390 1158 uraioris
399 1104 513 1175 pondera
526 1122 659 1177 geminae:

2 1179 181 1244 uitfictteest,
193 1179 299 1233 satiram
310 1179 493 1234 nouscriberc.
514 1182 580 1234 Nam
588 1181 649 1252 quis
658 1181 764 1255 iniquae
792 1191 818 1234 3⁰

3 1246 66 1329 llam
79 1254 184 1325 patiens
197 1254 281 1319 urbiS,
292 1263 345 1308 tarn
357 1254 465 1319 leneus,
477 1261 507 1308 ut
516 1263 599 1310 teneat
608 1274 646 1320 se,

4 1329 143 1385 'causidici
156 1345 223 1385 uova
236 1346 320 1401 quurn
332 1330 419 1384 veniat
430 1329 517 1386 lectica
530 1330 660 1385 Mathonis

14 1405 92 1477 plena
104 1402 181 1475 ipso‘l
199 1413 258 1477 post
267 1404 339 1459 hunc
348 1404 437 1478 magni
450 1404 632 1459 delatoramici

14 1491 39 1535 st
49 1482 102 1535 cito
112 1488 237 1551 rapturus
247 1479 279 1534 do
289 1478 423 1535 nobilitate
432 1497 535 1534 comesa

16 1555 87 1629 quod
107 1563 234 1627 superest,
256 1573 337 1628 quern
350 1557 435 1611 Massa
455 1556 537 1684 {imet¹
558 1572 636 1627 quern
653 1573 762 1612 munere

420 1638 508 1702 papst
791 1642 816 1686 35

18 1707 100 1762 Carus
110 1712 134 1759 et
144 1723 158 1759 a
169 1705 270 1778 trepido
279 1705 407 1780 Thymele
416 1705 550 1760 submissa
559 1706 670 1761 Latino?

18 1799 101 1854 qrrrun
112 1789 138 1834 te
148 1781 331 1847 submoveant,
343 1782 389 1853 qui
401 1788 554 1836 testamenta
566 1790 699 1836 merentur

4 1924 6 1929 ι
19 1857 148 1918 noctibus,
160 1857 186 1910 in
197 1854 298 1911 ooelurn
311 1873 379 1929 quos
392 1856 479 1911 evehit
488 1858 586 1928 optima
596 1857 696 1911 surnnri

4 1946 6 1985 ῑ
20 1950 90 1987 nunc
100 1932 141 1985 via
151 1947 298 2002 processus,
313 1930 416 1986 vetulae
425 1931 510 1985 vesica
521 1931 629 1986 boatao‘l

4 1994 153 2099 '‘tUnciolam
164 2006 315 2061 Proculeius
326 2006 413 2071 habet,
424 2006 472 2061 sed
482 2006 553 2061 Gillo
562 2006 699 2062 deuncem.
790 2014 817 2060 lo

4 2076 108 2151 tll‘artes
118 2082 233 2154 quisque
242 2098 304 2136 suas
315 2081 348 2136 ad
358 2099 510 2137 mensuram
522 2083 641 2155 inguinis
647 2083 722 2137 horos

4 2156 127 2229 iaecipiat
136 2173 208 2221 sane,
221 2157 365 2212 mercedem
376 2157 524 2231 sanguinis,
535 2158 609 2211 etsie

4 2224 9 2293 l
21 2232 122 2304 palleat¹
136 2240 165 2287 ut
175 2231 254 2286 nudis
264 2233 359 2305 pressit
368 2233 414 2306 qni
425 2230 542 2286 calcibus
552 2250 676 2306 anguem,

4 2314 6 2357 t
21 2316 65 2362 aut
75 2306 278 2380 Lugdunensem
290 2309 377 2363 rhetor
387 2307 507 2362 dicturus
517 2308 550 2362 ad
560 2326 641 2363 ararn.

4 2410 6 2417 ·
58 2381 125 2449 Quid
136 2381 255 2448 referam,
266 2391 364 2455 qrrnnta
374 2383 474 2437 siccum
484 2383 556 2436 iecur
564 2382 653 2437 ardeat
662 2384 710 2442 ira.
791 2388 817 2434 ts

23 2476 104 2530 quurn
118 2457 245 2531 populum
261 2459 388 2533 gregibus
402 2457 529 2512 comitum
542 2457 638 2530 premit
654 2457 764 2527 hicspo·

420 2533 497 2588 liator

24 2606 113 2680 pupilli
123 2608 282 2679 prostantis?
299 2617 325 2663 et
335 2608 378 2663 hic
387 2608 529 2662 damnatus
542 2606 614 2660 inani

25 2682 116 2738 iudicio
123 2682 198 2754 {quid
208 2685 278 2737 enirn
289 2683 371 2739 salvis
382 2683 488 2738 infamia
500 2681 646 2755 nummis‘l)

25 2758 94 2813 exsul
104 2759 137 2814 ab
148 2766 237 2814 octava
247 2760 346 2821 Marius
356 2758 424 2813 bibit
433 2765 458 2812 et
467 2756 564 2811 fruitur
573 2756 615 2810 dts

57 2851 168 2907 lorsnat.
634 2846 655 2902 G
