2072 3332
265 247 298 303 52
532 250 744 300 IUVENALIS

261 352 306 405 dat
315 368 427 423 poenas:
449 360 549 408 noctem
561 353 657 424 patitur
669 353 785 426 lugentis
794 354 916 407 amicum

206 437 245 480 000
260 427 374 492 Pelidae,
388 428 468 482 cubat
481 428 508 483 iu
518 428 619 492 facicm,
634 445 697 482 nrux
706 428 802 482 deinde
810 429 946 499 supinus:
1017 494 1018 503 ἵ

263 499 335 577 [erno
346 519 397 556 non
408 503 482 557 aliter
491 504 584 574 putent
594 502 727 556 dormire
746 501 932 577 Quibusdam]
1017 508 1018 567 ζ

261 595 387 633 somnum
398 579 454 632 rixa
468 577 541 635 lacit.
558 577 609 632 Sed
618 578 744 649 quamvis
756 578 895 649 improbus
906 578 987 633 annis

262 661 341 738 atque
351 670 422 707 mero
433 652 544 717 fervens,
556 670 604 706 car
605 660 630 706 et
639 653 721 719 hunc,
732 670 813 724 quem
823 655 933 709 coccina
945 644 1018 707 laena

263 728 339 781 vitari
351 728 432 792 iubet
445 736 470 781 et
479 728 606 782 comitum
616 728 790 800 longissimus
801 729 874 794 ordo,

207 813 246 855 285
261 803 376 856 multum
388 811 517 874 praeterea
528 801 695 857 flammarum
706 812 731 857 ct
740 805 818 858 aenea
833 804 955 874 lampas:

263 896 314 941 me,
330 895 410 948 quem
423 877 484 933 luna
495 878 560 933 solet
572 878 701 932 deducere
710 878 752 933 vel
763 878 842 933 breve
857 878 951 933 lumen
1017 904 1018 947 3

261 952 393 1018 candelae,
409 954 485 1008 cuius
495 953 620 1024 dispenso
629 961 654 1006 et
663 960 779 1024 tempero
790 953 877 1020 filum,

239 1068 242 1075 t
261 1028 415 1083 contemnit.
445 1030 555 1085 Miserae
564 1045 691 1102 cognosce
701 1029 833 1100 prooemia
842 1030 928 1094 rixae,

261 1105 285 1157 si
296 1104 411 1167 rixaest,
425 1104 471 1158 ubi
482 1110 509 1156 tn
520 1104 621 1174 pulsas,
633 1122 681 1177 ego
693 1105 789 1175 vapulo
801 1111 914 1159 tantum.

208 1190 245 1231 000
260 1179 315 1233 Stat
325 1186 412 1232 contra
422 1178 539 1249 starique
550 1180 633 1235 iubet:
655 1197 745 1250 parere
756 1197 860 1243 necesse
870 1189 921 1235 est.

260 1255 327 1308 Nam
339 1253 405 1324 quid
415 1271 487 1326 agas,
499 1271 584 1325 quum
597 1262 620 1307 te
629 1253 745 1309 furimus
754 1263 830 1328 cogat
839 1264 864 1308 et
875 1256 947 1310 idem

261 1322 369 1383 sortior‘l
383 1329 463 1384 'Unde
473 1329 563 1384 ceeia?
582 1329 725 1387 exclamat:
747 1335 823 1384 cuius
835 1341 920 1395 aceto,

262 1410 336 1460 cutus
346 1408 439 1459 conclu
449 1405 548 1459 lucres?
568 1410 627 1474 quas
637 1413 720 1459 tecum
727 1409 816 1459 sectile
826 1423 939 1473 purarum

262 1490 336 1534 sutor
344 1489 368 1533 et
378 1483 444 1534 elteri
452 1484 567 1535 vervecis
576 1483 652 1534 labra
665 1478 792 1535 comedit?

221 1565 245 1607 00
262 1557 307 1610 Nil
320 1558 384 1609 milti
391 1554 548 1622 respondes?
566 1555 618 1609 Aut
631 1559 683 1618 dic,
695 1561 840 1624 uutucctnc
851 1558 964 1610 calcem!

261 1631 323 1693 Ede,
334 1633 379 1683 ubi
389 1635 528 1687 consistas·
551 1635 640 1698 inqua
653 1639 783 1698 tequuero
790 1631 958 1698 proseucha?

261 1704 381 1759 Dicere'
360 1722 382 1757 sr
395 1712 476 1758 tentes
486 1703 597 1775 aliquid
611 1705 736 1759 tacitusve
749 1705 862 1769 recedas

262 1779 425 1834 tantumdem
440 1787 491 1846 est3
514 1779 610 1851 pariter
624 1779 733 1835 terium:
757 1779 906 1835 vadimonia
918 1781 1008 1835 demde

262 1855 320 1908 irati
331 1854 437 1909 faciunt.
466 1855 585 1909 Libertas
595 1855 717 1926 pauperis
731 1856 794 1909 bace
802 1863 854 1910 est:

206 1942 245 1984 300
261 1931 383 2002 pulsatus
397 1937 479 2004 rogat
491 1938 515 1986 et
525 1932 624 2003 pugnis
634 1931 755 1985 concisus
765 1931 863 1994 adurat

261 2015 291 2060 ut
304 2006 378 2060 liceat
387 2006 478 2076 paucis
491 2024 552 2060 cum
563 2005 687 2060 dentibus
698 2005 759 2060 inde
770 2006 873 2060 reverti.

261 2083 314 2135 Nec
326 2089 411 2136 terren
423 2081 472 2137 buc
483 2090 584 2137 tantum
598 2088 713 2135 metuas:
736 2099 796 2136 nam
800 2099 865 2153 ,qm
859 2081 1006 2168 speliettr

262 2174 313 2211 nuri
325 2155 414 2220 deerit,
431 2156 528 2211 clausis
537 2156 662 2211 domibus
672 2164 811 2227 postquam
817 2174 904 2210 omnis
912 2148 1008 2228 ubique

262 2232 314 2287 bxa
324 2238 454 2285 catenatae
465 2232 539 2285 siluit
548 2248 676 2304 compago
686 2231 816 2287 tabernae.

207 2317 245 2359 300
261 2305 395 2361 lnterdum
407 2314 431 2360 ct
441 2305 508 2360 serre
517 2306 622 2360 subitus
634 2313 808 2380 grassator„
775 2306 829 2360 anit
840 2322 903 2376 rena,

260 2389 360 2437 armato
373 2382 476 2453 quoties
488 2390 557 2437 tutae
565 2381 672 2436 custode
685 2389 805 2436 tenentur

262 2467 287 2512 et
297 2458 416 2512 Pomtina
427 2456 504 2529 palus
513 2466 539 2511 et
548 2456 728 2512 Gallinaria'
703 2474 793 2527 pmus

262 2533 305 2587 Sic
315 2532 377 2586 inde
394 2534 446 2587 buc
455 2550 557 2596 omncs,
576 2540 710 2604 tamquam
722 2531 791 2585 ad
766 2528 875 2594 vivaria,
888 2542 1001 2586 currunt

262 2608 318 2672 Qua
330 2605 433 2662 lurnace
441 2626 546 2681 graves
558 2624 611 2677 qua
623 2625 673 2665 noa
686 2605 779 2661 incude
791 2604 913 2659 caunac?

208 2692 247 2733 000
262 2681 414 2736 Maximus
408 2701 435 2736 m
446 2682 541 2737 vinclis
552 2679 612 2734 ferri
624 2681 728 2743 modus
741 2690 770 2734 ut
781 2681 882 2745 timeas,
894 2698 925 2735 ne

263 2772 354 2810 vomer
362 2754 474 2820 deficiat,
487 2774 520 2811 ne
531 2774 631 2810 marrae
640 2764 665 2812 et
674 2756 776 2811 sarcula
787 2755 883 2810 desint.
