2028 3224
282 295 426 341 suumn
447 295 503 342 v11.

28 393 82 451 od
92 413 148 450 uon
158 395 261 462 vidisti,
273 394 369 450 iaciant
378 396 479 467 equites
490 397 581 452 Asiani

10 488 192 543 tamquam,
214 479 240 526 et
257 471 422 543 Cappadoces
436 472 531 527 iaciant
550 476 704 548 equitesque
717 479 761 531 Bi-

419 548 506 620 thyni,
791 565 816 607 15

13 630 89 677 tera
99 639 172 694 quos
183 621 255 676 nudo
265 621 376 676 traducit
389 622 473 679 Gallia
485 623 544 678 talo.

9 715 92 752 emo
102 706 193 752 tumen
204 698 301 752 studiis
311 697 452 772 indignum
463 697 529 753 lerre
541 699 655 755 laborem

0 781 117 847 egetur
126 773 247 845 posthae,
260 774 338 827 nectit
347 774 510 845 quicumque
520 775 622 831 canoris

14 849 147 921 oquium
160 848 249 904 vocale
260 849 355 912 modis,
368 848 527 921 laurumque
538 851 688 905 momordit.

13 924 153 997 magite,
166 923 316 978 oiuvenes:
338 924 516 997 circumspicit
526 934 550 979 et
560 926 736 982 stimrrlatros
789 942 813 984 to

26 1001 203 1071 ateriamque
212 999 262 1054 sibi
276 999 354 1053 Ducis
365 999 528 1074 indulgentia
541 1002 652 1072 quaerit.

1 1076 22 1129 'i
42 1093 99 1147 que
111 1074 220 1131 aliunde
228 1082 305 1146 putes
316 1093 403 1130 rerum
413 1077 586 1148 exspectanda
598 1085 702 1132 tuarum

11 1151 151 1215 remidio,
166 1157 246 1222 atque
256 1149 313 1205 ideo
322 1167 425 1205 croceae
435 1151 587 1207 membrana
598 1154 707 1208 tabellae

0 1253 1 1276 r
47 1225 149 1298 pletur;
171 1223 303 1299 lignorum
315 1226 417 1298 aliquid
426 1228 584 1298 posoeooius
593 1238 626 1292 et,
638 1247 706 1300 quae

1 1325 26 1354 ,ι
37 1302 156 1373 mponis‚
169 1301 239 1356 donu
248 1302 363 1364 Veneris,
375 1302 522 1368 Thelesine‚
534 1305 636 1368 marito,

13 1385 53 1431 ut
62 1376 158 1431 claude
167 1384 193 1430 et
203 1377 301 1448 positos
312 1378 379 1432 tinea
389 1378 518 1449 pertunde
528 1378 636 1433 libellos.

29 1471 114 1526 range
124 1452 205 1506 miser
215 1451 338 1517 calamos,
351 1452 511 1526 vigilataque
520 1453 617 1525 proelia
627 1453 692 1519 dele,

20 1529 56 1582 ui
66 1527 132 1582 fanis
141 1527 169 1583 in
180 1545 260 1599 parvo
270 1527 396 1582 sublimia
404 1529 520 1584 carmina
529 1529 603 1594 cella,

24 1603 148 1677 tdiguus
158 1603 249 1657 venies
259 1603 362 1658 hederis
372 1612 397 1659 et
407 1603 522 1678 imagine
532 1622 627 1659 maore.

25 1697 75 1751 pes
85 1677 159 1733 nulla
169 1678 288 1733 ulterior:
310 1679 402 1734 didicit
414 1698 475 1734 narn
486 1680 560 1734 dives
570 1698 666 1735 avarus

13 1763 113 1809 antum
127 1754 262 1817 admirari,
275 1762 377 1809 tanturn
387 1754 493 1810 laudare
503 1756 622 1821 disertos,

29 1829 122 1902 tpueri
133 1830 242 1884 lunonis
252 1847 335 1885 avem.
365 1830 593 1886 Seddelluituetas

3 1931 12 1941 ·
23 1915 35 1959 t
45 1905 130 1978 pelagi
139 1906 241 1976 petiens
250 1914 275 1959 et
283 1906 394 1959 cassidis
404 1914 482 1978 atque
492 1908 597 1980 ligonis.

33 1980 104 2034 aedia
117 1989 179 2034 tunc
188 1981 303 2034 subeunt
313 1982 424 2047 enimes,
437 1990 500 2036 tuno
509 2000 590 2053 seque
600 2000 730 2055 suamque

1 2056 197 2127 Terpsichoren
208 2056 263 2110 odit
273 2055 384 2110 fecunda
398 2066 422 2110 et
433 2059 502 2112 nuda
512 2066 639 2113 senectus.

48 2132 141 2202 Accipe
152 2149 223 2185 nuno
231 2141 306 2197 artes,
320 2150 352 2186 ne
364 2133 429 2203 quid
441 2134 486 2187 tibi
500 2132 615 2188 conserat
624 2134 681 2197 iste,

5 2224 90 2278 quem
100 2206 173 2269 eolis,
185 2216 211 2260 et
220 2208 356 2261 Musarum
366 2217 392 2262 et
401 2208 530 2279 Apollinis
544 2209 607 2263 aede
619 2210 715 2266 relicta.

8 2286 70 2353 lpse
79 2281 138 2337 lacit
147 2299 250 2345 versus,
262 2291 341 2354 atique
351 2283 396 2337 uni
407 2283 474 2337 cedit
484 2286 595 2339 Homero

11 2366 113 2429 propter
124 2357 197 2412 mille
206 2374 299 2422 annos,
311 2365 345 2421 at,
357 2358 380 2412 si
393 2359 532 2414 dulcedine
543 2360 626 2415 lernae

13 2451 151 2488 succensus
162 2433 262 2498 recites,
275 2433 428 2489 Meculonus
438 2436 586 2490 commodet
594 2435 678 2499 aedes,

17 2526 44 2562 ac
53 2508 125 2585 longe
134 2507 228 2563 ferrata
238 2509 334 2562 domus
343 2510 440 2564 servire
453 2511 567 2575 iubetur,

19 2585 43 2639 in
55 2602 103 2656 qua
114 2583 238 2638 sollicitas
248 2584 365 2639 imitatur
375 2586 453 2640 ianua
465 2595 561 2658 portas.

17 2659 65 2713 Scit
73 2660 132 2714 dare
141 2658 248 2714 libertos
258 2667 373 2715 extrema
386 2661 413 2715 in
427 2671 498 2733 parte
506 2661 625 2715 sedentes

17 2734 117 2797 ordinis,
129 2743 154 2790 et
165 2752 278 2809 magnae
287 2737 413 2791 comitum
423 2737 561 2809 disponere
570 2753 654 2791 voces.

17 2811 93 2865 Nemo
101 2810 286 2885 dabitpegom,
299 2813 391 2885 quanti
401 2812 526 2870 subsellia
535 2820 662 2878 constent,
