2028 3224
288 211 432 258 SATIRA
450 214 493 258 IX.
713 209 761 260 {03

10 310 116 385 ppulo,
129 310 282 368 totmilvos
294 312 362 366 intre
372 320 417 367 tue
427 330 523 384 pascue
535 311 636 366 lassos?
791 325 816 367 55

10 406 22 442 e
33 385 203 442 Trifolinus
212 405 273 460 eger
283 386 403 442 fecundis
413 388 512 443 vitibus
522 387 622 460 implet,

10 471 221 535 rspectumque
230 463 325 536 iugum
338 463 443 529 Cumis,
459 472 484 517 et
494 463 600 518 Gaurus
611 463 708 519 inanis.

10 541 66 592 'em
78 538 152 611 quis
163 537 241 609 plura
251 537 313 592 linit
325 539 426 593 victuro
435 538 505 593 dolia
518 537 626 593 musto‘l

10 620 221 676 *uantumernt
238 613 360 668 exhausti
371 613 476 668 lumbos
486 613 584 677 donare
593 613 695 669 clientis

10 687 270 762 egeribuspaueisi
287 687 594 743 illeliusuehlcrnstious
605 687 702 754 iniens,
791 702 816 743 uu

10 781 62 818 um
73 770 167 818 matre
177 772 204 817 et
213 762 310 817 casulis
323 771 415 818 etonm
426 763 514 818 lusore
524 763 625 828 catello,

10 837 132 913 ymbala
143 837 276 909 pulsantis
286 837 401 912 legatum
414 838 458 893 liet
469 838 565 893 emiei‘l

15 913 171 984 lmprobns
181 931 219 974 es,
230 931 314 985 quum
328 914 442 985 poscis«,
455 914 508 968 eis:
529 913 575 967 sed
585 913 677 985 pensio
687 912 790 980 elamat

10 991 98 1058 'osee,·
119 988 169 1043 sed
178 988 292 1060 appellet
301 1006 367 1060 puer
380 990 485 1053 unicus,
497 995 527 1042 ut
536 987 691 1062 Polyphemi

11 1073 55 1118 ata
66 1064 149 1128 aeine,
161 1080 209 1135 per
219 1081 300 1135 quam
310 1061 402 1119 sollers
412 1064 495 1118 evasit
509 1063 609 1118 Ulixes.
791 1075 816 1118 ⁶5

10 1139 79 1194 llter
89 1138 223 1193 emendus
233 1140 294 1206 erit3
317 1138 485 1210 namquehic
497 1156 549 1192 non
560 1138 670 1193 suflicit:
691 1139 770 1193 ambo

10 1213 144 1285 uescendi.
179 1213 249 1280 Quid
259 1215 440 1286 egentbrume
451 1213 585 1284 spirante?
603 1213 678 1285 quid,
690 1231 744 1278 oro,

10 1290 77 1360 quid
87 1288 175 1343 dicam
189 1289 305 1360 scapulis
315 1306 457 1360 puerorum
467 1289 599 1359 Aquilone
611 1289 746 1343 Decembri

10 1373 32 1419 et
42 1362 180 1436 pedibus?
198 1365 298 1419 durate
308 1373 541 1434 atqueeaespeotate
554 1362 680 1417 cicadae?

10 1441 121 1503 Verum,
133 1446 164 1492 ut
173 1438 335 1504 dissimules,
347 1446 377 1493 ut
385 1439 473 1493 mittas
482 1445 574 1502 cetera,
587 1445 687 1509 quanto
790 1450 816 1490 tu

10 1514 114 1569 metiris
123 1514 215 1584 pretio,
227 1513 310 1585 quod,
323 1514 351 1568 ni
363 1515 412 1569 libi
426 1514 531 1569 deditus
542 1530 626 1568 essem

12 1591 178 1661 devotusque
187 1588 279 1655 eliens,
291 1605 359 1644 uxor
371 1597 415 1644 tue
426 1590 502 1662 virgo
512 1586 645 1642 maneret?

14 1666 72 1720 Seis
81 1672 157 1730 uerte,
168 1665 269 1737 quibus
279 1664 327 1719 iste
337 1664 433 1728 modis,
445 1681 526 1735 quam
540 1681 618 1735 saepe
627 1664 737 1736 rogaris,

16 1749 42 1795 et
54 1757 121 1812 quae
134 1739 276 1812 pollicitus.
305 1740 462 1813 Fugientem
473 1757 550 1810 saepe
559 1738 675 1811 puellam

18 1815 141 1888 amplexu
153 1815 243 1887 rapui:
264 1813 368 1869 tabulas
379 1832 486 1887 quoque
495 1821 609 1886 ruperat,
624 1822 649 1869 et
659 1815 712 1868 iam
788 1823 814 1865 75

19 1892 146 1965 signabat.
176 1891 238 1944 Tota
248 1890 369 1945 vixhaeo
379 1889 629 1963 egonocteredemi¹

20 1975 45 2021 te
57 1966 169 2039 plorante
177 1965 249 2020 loris.
283 1965 367 2019 Testis
376 1965 444 2019 mihi
458 1964 568 2018 lectulus
576 1971 649 2027 etta,

23 2042 54 2096 ed
63 2059 139 2114 quem
149 2040 266 2113 pervenit
276 2039 334 2095 lecti
345 2057 426 2095 sonus
436 2046 461 2094 et
470 2039 592 2094 dominae
604 2054 665 2094 uox.

23 2116 140 2172 lnstabile
148 2133 176 2171 ec
185 2115 275 2170 dirimi
285 2123 405 2186 coeptum
416 2115 501 2170 etiam
511 2132 592 2185 paene
601 2112 719 2168 solutum

25 2192 168 2266 ooniugium
177 2193 206 2246 in
220 2190 311 2245 multis
320 2190 445 2245 domibus
455 2190 570 2245 servavit
582 2189 696 2244 adulteri
790 2198 815 2239 80

26 2268 79 2334 Quo
87 2276 111 2323 te
119 2268 287 2339 circumegere.
300 2265 461 2338 quaeprime
472 2273 518 2320 aut
527 2266 620 2320 ultima
633 2280 729 2335 ponas;

29 2342 124 2398 nullum
133 2359 192 2411 ergo
201 2343 324 2395 meritum
335 2348 383 2405 est,
395 2341 497 2415 ingrate
506 2358 536 2395 ee
545 2339 652 2412 perfide,
669 2336 784 2403 nullum,

29 2418 93 2489 quod
101 2417 145 2473 tibi
155 2415 260 2482 liliolus¹
272 2416 344 2488 quod
355 2416 409 2471 filia
420 2417 536 2471 nascitur
545 2433 578 2470 ex
591 2412 652 2468 me‘l

30 2493 102 2548 Tollis
110 2493 186 2554 enim,
196 2499 221 2546 et
230 2491 305 2547 libris
316 2498 431 2547 actorum
442 2508 565 2563 spargere
576 2487 675 2562 gaudee

31 2574 170 2642 argumenta
180 2567 237 2621 viri.
267 2565 652 2638 Foribuseuspende.coronas;
790 2574 816 2616 85

32 2645 77 2698 lem
86 2651 152 2716 peter
162 2659 203 2697 ee:
218 2638 758 2714 dedimus,quodlemeeopponerepossis:

32 2720 82 2774 iura
92 2717 196 2791 parentis
207 2717 301 2787 habee3
322 2724 428 2789 propter
436 2733 480 2770 me
488 2716 611 2770 scriberis
621 2715 710 2782 hores3
