2072 3332
246 216 280 269 34
505 221 719 268 IUVENALIs

191 334 217 377 5ο
246 321 332 387 iratis3
354 329 381 375 at
394 328 421 375 tu
433 320 786 393 victrixprovinciapioras‘?

285 398 353 451 Haec
362 413 411 469 ego
421 413 474 451 nou
485 397 590 451 credam
600 398 734 453 Venusina
745 397 826 469 digna
838 395 964 452 lucerna?

247 471 310 526 haec
319 489 368 544 ego
379 488 431 525 uon
442 470 557 544 agitem?
575 471 626 527 Sed
640 473 706 544 quid
717 490 803 545 magis
814 472 959 538 Heracleas,

247 555 293 601 aut
302 546 466 608 diomedeas,
479 555 525 601 aut
537 546 671 620 mugitum
682 546 848 621 Labyrinthi,

248 629 273 676 et
285 638 358 676 mare
371 638 526 707 percussum
540 639 630 693 puero
643 621 802 693 fabrumque
811 620 964 678 volantem?

193 709 218 752 55
246 696 336 784 Quum
347 696 406 751 leno
419 697 527 767 accipiat
537 697 638 752 moechi
649 697 726 763 bona,
739 716 761 750 si
756 697 893 769 capiendi

247 773 290 826 ius
301 770 406 826 nullum
417 772 504 833 uxori.
517 772 609 827 doctus
619 780 734 843 spectare
745 772 861 838 lacunar,

250 847 342 902 doctus
354 854 380 901 et
389 845 423 900 ad
432 846 539 900 calicem
550 847 670 920 vigilanti
681 854 786 902 stertere
796 865 874 915 naso;

249 940 335 995 quum
346 920 385 976 ias
395 938 453 975 esse
462 929 536 992 putet
545 939 635 976 euram
647 939 750 994 sperare
760 921 883 986 cohortis,
962 956 966 963 ·

248 998 296 1070 qui
307 998 375 1051 bona
385 997 493 1052 donavit
502 998 674 1068 praesepibus
684 1006 709 1052 et
718 1005 787 1051 caret
799 998 874 1053 omni

194 1084 220 1127 tu
248 1073 378 1127 maiorum
389 1088 480 1136 censu,
492 1072 557 1126 dum
569 1072 685 1143 pervolat
695 1090 743 1127 axe
752 1073 829 1127 citat)

248 1149 268 1203 F
272 1147 421 1213 laminiam;
442 1146 517 1219 (puer
526 1148 690 1203 Automedon
703 1166 763 1202 nam
776 1147 829 1202 lora
839 1148 954 1215 tenebat,

249 1224 306 1295 ipse
316 1223 459 1278 lacernatae
468 1240 553 1294 quum
564 1241 593 1278 sa
603 1224 707 1278 iactaret
715 1222 822 1296 amicae)

249 1316 336 1353 nonne
349 1297 412 1352 libet
420 1298 508 1352 medio
518 1315 590 1353 ceras
600 1298 710 1371 implere
721 1315 828 1369 capaces

249 1372 409 1447 quadrivio?
427 1391 513 1445 quum
524 1375 576 1428 iam
587 1382 661 1429 sexta
671 1373 769 1429 cervice
779 1372 877 1428 teratur

197 1461 223 1503 55
252 1450 317 1504 hinc
326 1458 405 1520 atque
415 1448 476 1502 inde
489 1458 581 1521 patens
592 1467 622 1504 ac
631 1449 702 1504 nuda
712 1466 794 1521 paene
803 1448 925 1504 cathedra

249 1534 274 1579 et
284 1524 399 1579 multum
410 1523 523 1580 reserens
532 1525 565 1581 de
575 1526 720 1580 Maecenate
730 1524 827 1597 supino
1024 1488 1028 1583 d

250 1601 376 1686 signator,
388 1597 454 1654 salso
464 1601 511 1672 qui
525 1618 553 1655 sa
567 1600 667 1656 lautum
679 1609 758 1672 atquc
768 1600 876 1654 beatum

250 1674 354 1748 exiguis
364 1674 461 1730 tabulis
474 1681 498 1730 et
507 1693 613 1749 gaarma
624 1674 717 1730 iecerat
727 1673 799 1729 uda?

249 1750 372 1804 Occurrit
381 1758 498 1805 matrona
510 1760 611 1837 potens,
627 1768 704 1823 quae,
718 1748 798 1805 molle
807 1747 936 1805 Calenum

196 1836 223 1878 tu
251 1833 409 1912 porrectura,
421 1842 478 1880 vtro
489 1827 580 1881 miscet
589 1827 692 1881 srtrente
701 1826 831 1890 rubetam

251 1901 418 1971 instituitque
431 1900 510 1956 rudes
520 1901 612 1956 melior
621 1902 732 1956 Locusta
743 1900 907 1973 propinquas

252 1993 298 2047 per
308 1973 404 2031 famam
415 1983 440 2030 et
449 1976 616 2047 populum
590 1994 680 2049 nigros
689 1975 779 2031 afferre
788 1976 906 2030 maritos

290 2050 365 2104 nuda
375 2049 477 2121 aliquid
487 2052 614 2106 brevibus
623 2051 721 2125 Gyaris
731 2059 756 2105 et
765 2067 866 2105 carcere
875 2048 1002 2122 dignum,

253 2125 276 2178 si
287 2124 329 2178 vis
338 2142 396 2178 esse
405 2126 517 2197 aliquis:
539 2127 657 2199 probitas
667 2125 790 2181 laudatur
799 2132 824 2180 et
836 2124 924 2199 alget:

198 2211 225 2254 ta
252 2199 516 2255 criminibusdebent
528 2202 617 2257 hortos
619 2209 773 2274 ‚praetoria
787 2216 902 2264 mensas,

253 2282 392 2348 argentum
403 2282 478 2330 vetus
488 2284 513 2330 et
525 2283 637 2332 stantem
647 2285 718 2331 extra
728 2274 822 2349 pocula
831 2291 952 2346 caprum.

254 2350 338 2417 Quem
348 2349 445 2421 patitur
455 2349 571 2406 dormire
581 2369 666 2406 nurus
675 2358 808 2422 corruptor
818 2366 922 2414 avarae

255 2443 335 2495 quem
346 2442 458 2495 sponsae
468 2432 558 2496 turpes
571 2434 597 2479 et
608 2433 785 2498 praetextatus
796 2421 917 2480 adulter?

255 2498 282 2549 Si
294 2505 384 2551 natura
399 2507 484 2570 negat,
496 2499 558 2554 facit
569 2500 715 2573 indignatio
725 2517 842 2566 versum,

202 2577 228 2617 ao
246 2569 469 2691 qualemcunque
478 2581 572 2643 potest
586 2574 679 2645 quales
721 2574 791 2631 vei
803 2574 959 2631 Cluuienus

296 2641 338 2692 Ex
348 2658 402 2709 quo
411 2645 560 2711 Deucalion
572 2647 672 2703 nimbis
682 2657 709 2703 to
720 2649 836 2705 lentibus
845 2666 954 2722 aequor,

258 2710 364 2782 navigio
374 2723 489 2772 montem
499 2721 616 2776 ascendit
624 2730 761 2797 sortesque
770 2724 900 2798 poposcit,
