2072 3332
227 230 267 286 'eo
480 238 690 286 ruvuuems

232 338 327 412 pullati
338 355 464 410 proceres,
478 340 565 394 differt
577 340 727 395 vadimonia
738 341 851 395 Praetor.

233 415 309 470 Tunc
317 415 451 488 gemimus
460 433 538 470 casus
547 415 635 482 Urbis,
648 424 712 470 tunc
720 416 826 470 odimus
837 417 941 488 ignem.
1022 428 1023 441 ¹

179 501 218 543 215
232 489 313 545 Ardet
321 489 419 556 adhuc,
431 497 457 546 et
465 490 518 545 iam
528 492 649 555 occurrit,
661 492 709 563 qui
718 508 851 545 marmora
862 491 958 558 donet.
1022 516 1023 535 r

232 564 501 638 conferatimpensas.
531 568 579 620 llic
589 567 658 621 nuda
669 576 695 622 et
703 566 814 620 candida
824 567 915 641 signa,

232 641 277 696 hic
287 640 389 713 aliquid
398 641 562 713 praeclarum
572 641 754 713 Euphranoris
763 649 789 696 et
798 641 938 715 Polycleti,
1022 654 1023 689 l

233 717 298 773 haec
307 717 466 772 Asianorum
480 725 565 771 vetera
574 725 725 771 ornamenta
737 718 859 779 Deorum,
1022 720 1023 731 ¹

234 792 278 847 hio
288 792 369 846 libros
379 792 452 846 dabit
461 800 487 847 et
495 791 594 848 forulos
604 792 771 864 mediamque
781 792 943 859 Minervam,

178 877 218 920 220
232 867 277 922 hic
286 868 406 922 modium
416 869 528 941 argenti.
557 867 663 923 Meliora
672 884 703 921 ac
711 866 788 937 plura
797 868 901 938 reponit

234 943 363 1007 Persicus
375 942 501 998 orborum
511 942 686 1006 lautissimus,
697 950 723 997 et
732 943 825 997 merito
835 943 888 996 iam

235 1026 383 1089 suspectus,
397 1026 533 1090 tamquam
544 1019 600 1089 ipse
609 1037 672 1074 suas
682 1018 827 1073 incenderit
838 1019 928 1072 aedes¹

233 1093 262 1147 Si
275 1100 348 1164 potes
358 1092 436 1148 avelli
447 1093 625 1158 Circensibus,
637 1094 736 1165 optima
746 1093 832 1156 Sorae,

182 1218 185 1226 .
233 1176 279 1223 aut
288 1168 455 1223 Fabrateriae
466 1168 571 1234 domus,
584 1177 629 1224 aut
638 1168 787 1224 Frusinone
796 1177 913 1239 paratur,

179 1253 218 1296 225
234 1244 327 1315 quanti
338 1261 410 1298 nunc
418 1244 539 1299 tenebras
549 1261 634 1299 unum
643 1243 770 1299 conducis
781 1244 808 1297 in
818 1262 930 1298 annum.
1022 1312 1023 1315 Ἰ

234 1319 361 1374 Hortalus
372 1319 425 1383 hic,
438 1327 589 1391 puteusque
597 1319 695 1384 brevis,
703 1326 820 1373 necreste
826 1319 993 1385 movendus,
1022 1368 1023 1377 ,

235 1395 261 1449 in
274 1402 367 1451 tenues
378 1394 481 1468 plantas
492 1394 561 1450 sacili
571 1394 727 1450 diffunditur
739 1393 846 1448 haustu.
1022 1390 1023 1395 ’

234 1471 301 1525 Vive
310 1470 426 1525 bidentis
436 1487 538 1535 amans,
549 1481 574 1525 et
583 1469 648 1525 culti
658 1469 764 1524 villicus
777 1469 859 1536 horti3

234 1545 306 1600 unde
316 1546 425 1619 epulum
435 1546 522 1617 possis
531 1553 638 1600 centurn
651 1545 713 1599 dara
722 1544 905 1617 Pythagoreis.
1022 1598 1023 1603 ,

180 1631 220 1673 232
234 1622 283 1675 Est
291 1620 403 1692 aliquid,
414 1638 585 1692 quocumque
594 1621 659 1685 loco,
672 1636 842 1691 quocumque
852 1637 963 1676 recessu
1022 1608 1023 1673 l

235 1696 317 1750 unius
326 1713 384 1750 sese
396 1695 536 1751 deminum
550 1695 642 1751 iecisse
651 1695 776 1749 lacernae.
1022 1694 1023 1699 ’

273 1770 410 1825 Plurimus
423 1770 467 1826 hic
476 1788 553 1846 aeger
562 1773 674 1826 moritur
683 1769 833 1844 vigilando:
854 1770 900 1824 sed
908 1771 989 1827 illuni
1022 1798 1023 1807 ¹

231 1846 390 1919 'languorem
400 1848 501 1919 peperit
509 1847 587 1902 cibus
597 1846 765 1918 imperfectus
777 1853 802 1899 et
814 1845 926 1900 haerens

235 1922 337 1977 ardenti
350 1923 494 1978 stomacho.
524 1924 592 1978 Nam
603 1940 672 1995 quae
680 1921 810 1976 meritoria
821 1938 949 1976 somnum

181 2006 220 2050 235
235 1996 397 2053 admittunt?
414 1998 518 2072 Magnis
528 1999 624 2070 opibus
634 1998 765 2052 dormitur
774 1997 801 2050 in
812 1996 895 2051 Urbe:

236 2072 491 2144 indecaputmorbi.
522 2073 675 2128 Rhedarum
685 2071 812 2127 transitus
821 2078 892 2126 arcto
1022 2098 1023 2159 p

235 2149 354 2204 uicorum
365 2148 474 2205 inflexu
484 2150 612 2204 etatantis
622 2148 738 2204 convicia
748 2146 874 2201 mandrae
1021 2166 1023 2219 ς

236 2224 347 2296 eripient
356 2242 464 2280 somnos
474 2242 536 2280 urso
546 2224 691 2296 vitulisque
699 2222 819 2277 marinis.

236 2298 263 2353 Si
275 2306 350 2355 vocat
361 2299 488 2365 officium,
501 2300 578 2356 turba
590 2300 697 2354 cedente
707 2298 817 2353 vehetur

182 2379 222 2425 220
237 2374 320 2436 dives.
333 2382 359 2429 et
368 2376 467 2449 ingenti
477 2384 564 2431 curret
573 2393 654 2447 super
663 2392 708 2430 ora
721 2374 849 2437 Liburno,

237 2458 316 2522 atque
325 2450 408 2505 obiter
419 2451 487 2525 leget
494 2459 540 2506 aut
550 2452 654 2515 scribet,
667 2448 708 2506 vel
719 2449 831 2503 dormiet
840 2448 926 2515 intus,

238 2543 355 2597 namque
365 2525 424 2581 iacit
433 2543 558 2582 somnum
568 2526 657 2581 clausa
668 2524 756 2580 lectica
766 2522 888 2578 lenestrn.

238 2600 306 2655 Ante
316 2608 404 2657 tamen
414 2602 515 2657 veniet:
536 2601 613 2656 nobis
623 2599 825 2673 properantibus
833 2599 918 2653 obstat

96 2724 102 2741 ,
237 2675 311 2728 unda
319 2676 404 2745 prior:
420 2693 517 2749 magno
527 2673 982 2748 populuspremitagminelumbos‚

184 2754 224 2802 245
238 2749 286 2821 qui
298 2749 428 2821 sequitur.
459 2751 530 2805 Ferit
539 2750 583 2806 hio
591 2752 689 2818 cubito,
701 2750 761 2806 ierit
770 2767 856 2805 assere
865 2748 931 2804 duro
1022 2820 1023 2823 Ἰ
