2072 3332
286 267 319 318 66
549 269 763 316 IUVENALIS

286 380 311 428 et
320 388 404 429 vacuo
415 371 557 444 clausoque
567 369 724 427 sonantiora
734 371 789 425 sola
799 371 918 437 theatro,

280 456 368 520 atque
378 467 392 502 a
403 446 514 518 plebeiis
525 447 602 520 longe
611 445 759 520 Megalesia
771 447 860 500 tristes

232 535 258 576 ru
286 541 425 596 personam
436 523 613 596 thyrsumque
622 530 718 582 teuent
730 529 756 575 et
767 518 893 596 subligar
903 522 978 578 Acci.

289 599 399 654 Urbicus
409 597 532 653 exodio
511 615 594 652 risum
606 605 693 652 movet
702 596 836 651 Atellanae

287 674 405 747 gestibus
417 673 563 728 Autonoes:
583 673 656 727 huuc
665 670 752 745 diligit
762 671 835 727 Aelia
847 690 968 745 pauper

289 749 405 804 Solvitur
416 747 475 803 hie
469 747 691 821 magnocomoedi
702 747 792 802 libula
821 746 902 815 Sunt
916 766 989 820 quae

288 826 490 898 Chrysogonum
500 831 604 878 cantare
612 829 708 879 vetent
739 821 860 894 llrspulla
870 824 1014 907 tragoedo

234 911 260 953 75
288 901 394 986 gaudet
423 900 619 970 Anexspectas‚
630 864 1014 965 thnintilianusametur‘l

289 975 392 1046 Accipis
402 991 521 1039 uxorem,
534 974 627 1046 dequa
638 972 802 1028 citharoedus
812 973 920 1029 Echion

289 1058 334 1105 aut
349 1050 502 1123 Glaphyrus
515 1016 560 1103 liat
573 1058 653 1119 pater,
670 1047 881 1119 Ambrosiusque
892 1012 1014 1127 choraula

291 1128 380 1200 Longa
389 1143 435 1203 per
445 1133 572 1198 angustos
582 1124 599 1178 f
592 1141 696 1198 gamus
706 1122 807 1194 pulpita
822 1125 911 1179 vicos:
1013 1156 1014 1201 r

289 1209 415 1256 ornentur
425 1208 511 1271 postes
521 1199 666 1274 etgraudi'
659 1216 737 1253 ranua
748 1198 830 1263 lauro

236 1288 261 1329 aa
289 1284 319 1331 ut
328 1275 475 1332 testudineo
483 1275 541 1338 trbr
554 1274 672 1338 Lentule,
682 1291 797 1346 conopeo
1013 1262 1014 1287 ¹

291 1351 388 1408 nobilis
397 1349 543 1426 Euryalum
555 1349 743 1405 mirmillouem
756 1350 889 1422 exprimat
900 1350 1014 1406 infans.

328 1430 415 1500 Nupta
425 1426 543 1483 Senatorr
552 1425 672 1481 comitata
681 1432 721 1479 est
729 1424 824 1496 Hrppra
834 1425 956 1483 Ludrum

291 1504 324 1558 ad
335 1504 437 1558 Pharon
447 1510 472 1557 et
481 1502 571 1558 Nilum
583 1494 735 1572 famosaque
745 1501 846 1556 moenia
857 1502 934 1574 Lagi,
1013 1532 1014 1595 p

292 1578 411 1652 prodigia
422 1585 447 1632 et
456 1595 542 1632 mores
554 1576 630 1632 Urbis
640 1575 782 1633 damnante
792 1576 910 1648 Canopo

237 1666 262 1707 85
291 1656 432 1708 Immemor
442 1652 485 1708 rlla
497 1652 593 1707 domus
602 1658 627 1707 et
635 1669 756 1724 conrugrs
766 1659 845 1724 atque
854 1669 961 1716 sororis

293 1729 329 1782 nil
341 1728 439 1799 patriae
449 1726 569 1792 indulsit,
580 1724 766 1800 plorantesque
775 1727 895 1798 improba
907 1736 989 1788 natos

294 1812 374 1874 utque
371 1803 469 1877 magis
478 1811 594 1889 stupeas,
606 1800 725 1857 Paridem
737 1802 867 1874 ludosque
879 1802 1014 1891 reliquit.

293 1878 343 1933 Sed
353 1896 516 1965 quamquem
527 1879 555 1933 in
566 1878 770 1954 magnisopihus
781 1877 927 1951 plumaque
932 1848 1014 1959 pateru

292 1963 317 2009 et
330 1955 498 2040 segmentatis
508 1954 648 2009 dormisset
656 1950 765 2025 parvula
775 1955 861 2015 cuuis

239 2042 263 2084 au
292 2031 430 2085 contemsit
441 2030 566 2105 pelagus
588 2028 686 2084 lamam
696 2038 867 2084 contemseret
875 2028 947 2094 olim
1013 2030 1014 2041 ¹

294 2106 371 2161 cuius
381 2107 451 2177 apud
462 2105 554 2160 molles
565 2105 674 2160 minima
685 2112 724 2160 est
736 2105 832 2159 iactura
846 2096 1014 2161 cathedras
1013 2126 1014 2139 ¹

293 2182 461 2256 Tyrrhenos'
454 2181 534 2254 igitur
543 2181 638 2235 lluatus
650 2180 754 2252 lateque
767 2189 902 2236 sonantem

295 2257 401 2329 pertulit
411 2256 513 2311 lonium
524 2257 651 2310 constanti
661 2265 773 2328 pectore,
785 2257 907 2328 quamvis

294 2332 452 2387 mutandum
465 2333 539 2386 toties
549 2339 617 2386 esset
627 2350 709 2387 mare.
738 2333 809 2386 Iusta
822 2331 908 2403 pericli

241 2420 266 2463 95
295 2410 318 2463 si
329 2408 395 2463 rotro
404 2415 443 2463 est
455 2416 480 2462 et
489 2408 607 2471 honesta
621 2407 713 2462 timent
723 2407 871 2479 pavidoque
878 2408 1014 2481 gelantur

295 2492 405 2555 pectore,
418 2490 485 2538 nect
474 2480 594 2537 remulrs
603 2490 716 2553 possunt
726 2482 846 2537 insistere
855 2482 959 2554 plautrs

295 2559 387 2614 fortem
404 2558 522 2615 animum
539 2565 671 2629 praestant
685 2559 773 2623 rebus,
790 2576 857 2630 quas
870 2559 971 2630 turpiter
984 2576 1014 2612 au

699 2633 771 2688 dent.

298 2708 324 2763 Si
338 2708 425 2762 iubeat
434 2708 539 2772 coniux,
551 2706 649 2763 durum
660 2717 700 2764 est
708 2708 879 2779 conscendere
888 2710 981 2778 nevim;

297 2791 360 2837 tunc
370 2783 472 2836 sentina
482 2783 582 2855 gravis,
594 2791 658 2839 tunc
666 2801 789 2839 summus
801 2783 905 2839 vertitur
914 2803 961 2841 aen
