2072 3332
301 255 333 306 tit
573 257 781 302 tUVENALIa

301 357 569 429 praeberetspelunea
579 357 681 419 domos.
696 358 839 428 ignemque
848 356 1000 430 laremque

301 442 325 488 et
336 450 415 504 peom
427 442 452 486 et
462 432 583 487 dominos
592 431 728 485 eommuni
738 431 872 485 clauderet
880 434 1003 488 umbra:

247 521 259 562 t
301 508 448 562 silvestrem
461 515 581 562 montana
593 513 680 561 torum
690 523 776 577 quum
786 514 918 561 sterneret
929 526 1005 563 uxor

301 582 439 637 frondibus
449 590 475 636 et
484 582 573 636 culmo
582 582 784 651 vicinarumque
793 580 914 636 ferarum

302 657 427 729 pellibus,
443 657 516 711 haud
526 656 625 711 similis
634 657 691 717 tibi.
705 656 829 729 Cynthia,
844 673 894 711 nec
907 658 972 725 tihi,
985 677 1016 713 eu

302 733 419 787 turbavit
432 732 531 786 nitidos
539 732 685 787 exstinctus
694 748 784 802 passer
792 730 900 797 onelios,

302 809 348 861 sed
358 807 470 879 potanda
481 806 566 861 lerens
577 806 722 861 infantibus
734 806 817 861 ubera
829 808 953 880 magnis,

249 894 273 934 iu
302 892 327 936 et
340 900 417 954 saepe
427 882 558 937 horridior
565 881 690 954 glandem
702 889 819 935 ruounte
829 883 938 938 marito.

302 958 407 1029 Quippe
416 957 491 1012 aliter
500 966 564 1011 tune
572 957 636 1012 orbe
647 973 716 1012 novo
726 955 850 1027 ooeloque
861 960 964 1013 reeenti

304 1033 428 1088 vivebant
437 1032 568 1095 homines,
579 1032 627 1104 qui
638 1040 716 1103 rupto
728 1032 819 1086 robore
829 1032 884 1086 nati

302 1105 538 1179 compositiveluto
547 1107 635 1162 nullos
645 1108 760 1162 habuere
769 1114 902 1178 parentes.

303 1183 386 1239 Multa
395 1182 536 1255 pudicitiae
546 1183 642 1238 veteris
651 1182 762 1255 vestigia
771 1181 869 1246 forsan,

251 1272 275 1312 ta
303 1268 349 1314 aut
358 1259 457 1331 aliqua,
469 1259 616 1313 exstiterint
627 1266 653 1312 et
663 1259 715 1312 sub
725 1259 797 1326 love3
809 1257 857 1312 sed
868 1259 1016 1314 lovenondi

305 1334 421 1398 barbato,
435 1333 554 1389 nondum
565 1333 670 1388 Graecis
680 1335 768 1387 iurare
777 1330 876 1404 pa‘ratis

305 1428 352 1482 per
360 1418 439 1482 eaput
448 1409 566 1471 alterius.
577 1426 662 1481 quum
674 1408 758 1462 iurem
770 1425 847 1462 nemo
857 1409 966 1464 timeret

304 1484 426 1540 caulibus
436 1493 482 1539 aut
492 1484 587 1556 pomis,
600 1493 625 1539 et
634 1493 722 1555 aperto
735 1485 835 1539 viveret
845 1483 929 1538 horto.

305 1560 434 1615 Paulatim
446 1559 543 1614 deinde
552 1559 585 1613 ad
595 1576 704 1631 superos
716 1559 822 1613 Astraea
833 1560 941 1612 recessit

251 1645 277 1688 au
305 1636 354 1690 hac
362 1636 465 1697 romite,
477 1642 557 1705 atque
565 1635 633 1688 dirae
643 1635 739 1706 pariter
751 1634 841 1706 lugere
851 1651 967 1691 sorores.
1015 1610 1016 1663 l

306 1710 453 1782 Antiquum
464 1719 490 1763 et
499 1718 575 1763 vetus
584 1719 632 1774 est,
644 1709 771 1774 alienum,
785 1710 917 1774 Postume.
932 1709 1015 1787 lectun

305 1793 451 1849 ooneutere,
463 1792 542 1856 atque
551 1786 617 1839 sacri
627 1785 737 1857 genium
748 1793 916 1839 oontemnere
927 1784 1010 1839 fulcri.

306 1859 391 1916 Omne
402 1859 475 1914 aliud
484 1860 583 1915 crimen
595 1877 657 1914 mox
667 1859 749 1914 ferrea
758 1859 867 1931 protulit
878 1869 962 1914 aetas:

307 1937 431 1991 viderunt
440 1934 543 2006 primos
553 1943 673 2008 argentea
687 1935 790 1989 saecula
802 1935 934 1989 moechos.

251 2023 278 2067 25
344 2012 509 2067 Conventum
519 2017 606 2065 tamen
617 2017 642 2063 et
652 2018 768 2081 pactum,
785 2019 810 2064 et
821 2010 955 2080 sponsalia
966 2027 1012 2065 nos

306 2094 459 2159 tempestate
467 2103 554 2157 paras,
567 2087 697 2157 iamquea
711 2093 815 2139 tonsore
826 2086 952 2156 magistro
1011 2078 1012 2160 l

307 2158 906 2234 pecteris,etdigitopignusiortassededisti‘?
1010 2162 1011 2165 ’

309 2238 382 2292 Certe
392 2253 474 2290 sanus
483 2236 555 2290 erasi
576 2237 699 2299 Uxorem,
712 2237 844 2295 Postume.
855 2234 948 2289 dueis‘l
1010 2206 1011 2283 l

309 2312 364 2377 Dic,
377 2328 430 2383 qua
441 2310 593 2381 Tisiphone,
606 2311 706 2383 quibus
715 2311 848 2383 exagitare
856 2309 987 2364 colubris?

254 2397 280 2439 tu
308 2389 386 2443 Ferre
399 2393 471 2458 potes
481 2384 626 2444 dominam.
639 2386 720 2441 salvis
732 2395 768 2440 tot
778 2385 899 2450 restibus,
913 2384 1008 2440 ullam?

308 2480 393 2536 quum
403 2469 508 2534 pateant
518 2459 583 2514 altae
595 2461 790 2534 caligantesque
805 2460 945 2515 fenestrae?

309 2555 395 2610 quum
406 2537 454 2592 tibi
464 2535 583 2591 vicinum
594 2554 622 2589 se
631 2537 754 2606 praebeat
762 2534 890 2590 Aemilius
900 2534 979 2607 pensi

310 2613 363 2667 Aut
372 2613 395 2667 si
405 2612 438 2666 de
449 2610 540 2667 multis
550 2610 642 2665 nullus
655 2611 738 2682 placet
748 2612 844 2673 exitus.
858 2609 922 2665 illud

311 2704 398 2741 nonne
408 2694 486 2758 putas
495 2684 603 2752 melius,
614 2686 685 2757 quod
698 2694 782 2739 tecum
794 2689 870 2756 pusio
878 2685 985 2741 dormit‘l

257 2770 282 2814 tt
311 2760 399 2833 pusio,
411 2762 458 2832 qui
470 2768 547 2815 noctu
559 2778 611 2815 non
626 2761 718 2834 litigat,
730 2761 836 2833 exigite
848 2766 872 2813 te
1006 2748 1007 2781 ¹
