2072 3332
260 280 293 332 80
508 284 732 331 'IUVENALIS

205 398 244 442 525
258 394 296 449 ut,
310 384 443 458 quidquid
453 385 534 440 subiti
544 393 570 440 et
580 385 668 459 magni
678 385 839 440 discriminis
852 387 948 455 instat,

261 463 287 515 iu
299 461 399 515 tunicas
408 468 449 515 eat
458 470 483 514 et
492 468 574 514 totum
585 460 665 515 semel
677 462 763 533 expiet
772 479 887 518 anuum.

259 537 403 605 Hiberuum
415 536 491 590 fracta
501 536 584 613 glacie
594 537 730 590 descendet
740 537 765 591 in
780 554 903 609 amnem;

261 620 299 666 ter
308 612 436 666 matutino
446 612 533 665 Tiberi
543 621 683 684 mergetur,
696 620 721 666 et
730 612 794 683 ipsis

261 687 404 742 vorticibus
415 686 536 740 timidum
547 695 626 759 caput
634 686 735 741 abluet:
758 686 818 741 iude
828 686 946 760 Superbi

208 774 245 819 525
259 772 342 818 totum
353 762 422 836 regis
433 779 526 835 agrum
538 762 608 816 nuda
618 779 647 816 ae
657 762 828 816 tremebunda
837 766 963 821 cruentis

260 847 346 911 erepet
356 839 475 911 genibus.
507 837 534 892 si
545 837 654 892 candida
667 837 772 893 iusserit
780 839 817 903 lo,

262 915 310 968 ibit
320 913 351 968 ad
362 913 473 987 Aegypti
485 912 573 978 finem,
585 913 721 986 calidaque
731 914 823 985 petitas

263 1009 277 1044 a
288 991 372 1044 Meroe
382 989 494 1060 portabit
503 1006 594 1060 aquas,
607 996 637 1042 ut
646 998 751 1064 spargat
763 990 788 1042 iu
803 988 896 1044 aedem

201 1084 205 1089 ·
263 1064 854 1138 Isidis.antiquoquaeproximasurgitovili.

210 1152 248 1195 530
263 1140 350 1195 Credit
359 1140 428 1194 enim
441 1140 524 1209 ipsius
535 1138 656 1193 dominae
666 1158 694 1194 se
703 1157 765 1194 voce
775 1141 887 1194 moueri.

262 1217 302 1270 En
313 1215 431 1270 animum
442 1222 595 1279 umentem,
603 1232 664 1268 oum
672 1215 760 1287 quaDi
768 1214 1014 1288 noeteloquuntur¹

263 1290 1014 1363 Ergohicpraeoipuumsummumquemereturhonorein

264 1368 310 1439 qui
320 1383 399 1441 grege
409 1365 519 1440 linigero
529 1366 705 1420 circumdatus
718 1376 742 1421 et
751 1383 830 1440 grege
840 1366 918 1423 calvo

264 1442 414 1516 plangentis
424 1441 514 1513 populi
525 1443 607 1495 currit
616 1441 715 1494 derisor
725 1435 836 1496 Anubis.

211 1530 248 1572 535
264 1518 310 1572 1115
319 1518 382 1589 petit
393 1518 505 1581 veniam,
518 1519 620 1589 quoties
631 1534 683 1571 non
694 1517 806 1571 abstinet
815 1534 884 1571 uxor

263 1593 403 1647 concubitu
413 1593 494 1646 sacris
504 1591 727 1663 observandisque
736 1592 843 1646 diebus:

265 1683 414 1741 magnaque
426 1667 533 1722 debetur
544 1666 638 1721 violato
647 1685 728 1738 poena
738 1666 855 1721 cadurco.

265 1745 298 1798 Et
310 1744 424 1798 movisse
433 1750 512 1813 caput
521 1744 577 1816 visa
590 1751 629 1798 est
641 1751 760 1816 argentea
772 1761 895 1814 serpeus:

266 1819 337 1873 illius
348 1817 478 1873 lacrumae
488 1819 661 1890 meditataque
670 1814 807 1873 murmura
817 1828 962 1889 praestant,

212 1904 250 1950 555
265 1903 294 1948 ut
305 1896 409 1947 veniam
420 1893 513 1965 culpae
524 1912 574 1949 non
586 1895 692 1959 abnuat,
704 1911 795 1948 ansere
805 1911 903 1966 magno

266 1970 363 2024 scilieet
371 1977 396 2023 et
405 1970 476 2024 tenid
486 1987 589 2041 popano
599 1978 746 2041 corruptus,
758 1968 850 2023 Osiris.

303 2044 391 2112 Quum
406 2044 477 2099 dedit
486 2045 531 2100 ille
541 2046 626 2099 locum
635 2063 641 2113 3
650 2106 653 2118 ,
663 2044 775 2115 cophino
785 2042 914 2115 loenoque
924 2045 990 2100 relic

266 2137 387 2175 arcanam
397 2119 490 2176 ludaea
500 2128 615 2175 tremens
624 2119 757 2175 mendicat
767 2120 794 2173 iu
804 2136 905 2185 aurem,

268 2198 394 2267 interpres
405 2195 494 2270 legum
505 2196 673 2325 Solpnaarum
685 2204 709 2249 et
719 2212 815 2268 magna
824 2196 945 2252 sacerdos

213 2281 251 2326 555
267 2272 366 2326 arboris
376 2272 542 2326 acsummifi
562 2268 830 2325 eiuternuntiaeoeli.

267 2347 360 2419 Implet
371 2354 396 2400 et
406 2344 449 2401 illa
461 2364 578 2409 manum,
591 2346 635 2399 sed
645 2347 763 2418 parcius:
785 2362 843 2399 aere
855 2344 959 2399 minuto

267 2422 470 2493 qualiacumque
481 2421 552 2475 voles
563 2421 649 2476 ludaei
664 2421 766 2476 somnia
777 2419 904 2477 venduut.

267 2497 381 2570 Spondet
391 2505 530 2550 amatorem
542 2505 669 2561 tenerum,
682 2496 723 2551 vel
734 2496 824 2550 divitis
833 2494 890 2549 orbi

269 2581 451 2628 testamentum
462 2572 564 2645 iugens,
576 2571 673 2626 calidae
683 2571 808 2644 pulmone
819 2569 954 2625 columbae
1016 2590 1017 2641 i

215 2660 253 2702 555
269 2656 382 2710 tractato,
392 2647 534 2705 Armenius
545 2646 586 2703 vel
597 2647 791 2720 Commagenus
801 2647 946 2717 haruspex3

268 2731 371 2795 pectora
381 2720 516 2793 pullorum
526 2722 636 2776 rimatur
646 2731 670 2776 et
678 2731 736 2776 exta
746 2720 840 2786 catelli,

228 2834 232 2839 ,
269 2797 402 2853 interdum
414 2804 439 2850 et
450 2797 538 2867 pueri3
560 2796 643 2862 facist,
656 2796 728 2868 quod
736 2794 833 2850 delerat
842 2795 907 2866 ipse.

398 3212 1017 3316 A
