2072 3332
287 228 319 281 ld
550 231 760 278 IUVENALIS

284 337 307 389 si
318 342 377 408 toga
387 331 522 389 sordidula
531 339 580 397 est,
591 339 616 387 et
625 340 702 404 rupta
711 331 815 387 calceus
827 331 894 388 alter

166 431 169 438 ·
231 421 270 463 ttu
284 410 351 483 pelle
362 416 444 482 patet;
466 408 507 462 vel
518 408 539 461 si
549 415 659 463 consuto
670 408 910 463 vulnerecrassum

287 494 365 557 atque
375 501 464 539 recens
478 483 563 538 linum
573 483 687 538 ostendit
698 499 748 537 non
761 501 812 537 una
826 483 954 541 cicatrix.

285 560 328 615 Nil
340 559 417 614 habet
430 559 522 614 infelix
532 566 671 631 paupertas
680 558 774 612 durius
785 559 811 613 in
820 576 859 622 se,

285 652 366 707 quam
377 634 449 706 quod
460 633 585 689 ridiculos
596 633 717 688 homines
726 632 796 688 tacit.
831 635 928 700 Exeat,
942 636 1017 710 inqui

287 712 309 764 si
321 709 405 782 pudor
414 716 463 775 est,
474 718 500 764 et
510 707 543 764 de
552 709 664 781 pulvino
675 717 767 781 surgat
776 710 905 780 equestri,

234 797 270 839 1:35
284 787 363 841 cuiun
372 803 413 840 res
424 784 474 858 legi
486 801 537 839 non
549 783 656 846 sufficit,
667 792 692 838 et
702 785 808 838 sedeant
817 782 861 838 bie

287 861 410 916 lenonum
423 860 507 932 pueri,
519 876 688 932 qrrocumque
698 860 725 913 in
736 858 833 913 lumiee
843 861 910 916 nati.
946 906 951 914 .

287 937 335 990 llic
345 935 453 1008 plaudat
463 935 538 990 nitidi
549 935 685 1008 praeconis
695 934 766 988 filius
776 935 843 989 inter

289 1011 421 1081 pinnirapi
434 1010 518 1065 cultos
528 1010 637 1065 iuvenes
648 1010 809 1081 iuvenesque
819 1010 933 1066 lanistae

288 1087 331 1140 Sic
342 1085 447 1140 libitum
458 1103 536 1149 vanc,
548 1086 595 1157 qui
608 1102 655 1140 nos
665 1085 795 1151 distinxit,
810 1085 919 1142 Othoni.

233 1173 272 1215 tto
287 1161 353 1228 Quis
361 1178 443 1234 gener
453 1161 496 1215 lue
506 1160 604 1232 placuit
613 1178 694 1214 censu
706 1162 791 1215 minor
801 1169 880 1232 atque
891 1162 998 1233 puellae

288 1234 542 1306 sarcinulisimpar‘l
560 1235 621 1307 quis
636 1253 734 1306 pauper
744 1236 868 1290 scribitur
882 1237 980 1292 beres‘l

288 1310 431 1384 quandum
445 1310 556 1365 consilio
565 1318 605 1365 ast
615 1310 769 1364 Aedilibus?
787 1311 902 1384 Agmine
917 1312 984 1369 iacto

286 1388 431 1442 debuerant
443 1386 506 1441 olim
517 1394 609 1441 tenues
619 1385 748 1458 migrasse
757 1385 881 1451 Quirites.

287 1464 361 1517 lluud
373 1461 446 1516 facile
455 1470 602 1535 emergunt,
614 1478 729 1532 quorum
741 1461 884 1516 virtutibus
895 1463 984 1519 obstat

233 1550 272 1592 165
287 1556 327 1592 res
337 1545 449 1610 angusta
459 1536 545 1605 dcmi;
567 1535 612 1590 sed
625 1538 721 1591 Romae
730 1535 821 1590 durior
830 1536 884 1590 illis

287 1620 409 1667 conatus:
431 1629 528 1684 magno
540 1611 685 1682 hospitium
696 1611 855 1676 miserabile,
867 1630 968 1688 magno
1016 1632 1017 1655 ¹

287 1703 423 1742 servorum
434 1695 549 1750 ventres,
559 1695 585 1741 et
594 1685 663 1760 frugi
672 1686 782 1742 coenula
793 1705 897 1760 magno.

287 1762 426 1819 Fictilibus
436 1779 545 1817 coenare
556 1761 650 1834 pudet;
671 1762 743 1835 quod
758 1770 833 1833 turpe
844 1765 951 1837 negabit

288 1837 429 1894 translatus
443 1838 531 1892 subito
545 1837 578 1891 ad
593 1838 693 1892 Marses
707 1855 880 1908 mensamque
889 1839 1014 1896 Sabellam

233 1926 272 1967 tiu
287 1922 478 1986 contentusque
486 1913 541 1967 illie
550 1919 643 1973 neueto
652 1912 772 1984 duroque
779 1912 889 1967 culullo.

278 2018 280 2021 v
324 1991 388 2044 Pars
404 2006 500 2063 magna
510 1988 599 2043 ltaliae
608 1995 656 2052 est,
673 1988 695 2042 si
710 2006 803 2042 verum
815 1987 988 2056 admittimus,
1000 1992 1013 2071 it

691 2081 744 2134 qua
1011 2074 1012 2126 t

286 2156 367 2195 neme
375 2146 462 2212 togam
471 2139 562 2202 sumit,
576 2139 626 2193 nisi
638 2145 770 2194 mortuus.
803 2139 861 2210 lpsa
873 2139 973 2194 dierum

287 2214 412 2270 festorum
422 2214 534 2268 herboso
543 2213 637 2268 colitur
649 2214 672 2268 si
683 2213 791 2285 quando
799 2213 898 2268 theatro
1009 2232 1010 2313 p

289 2291 419 2353 maiestas,
432 2288 591 2361 tandemque
601 2289 668 2344 redit
677 2288 709 2343 ad
721 2288 821 2360 pulpita
831 2296 921 2344 notum

232 2378 271 2421 tlt
286 2366 420 2428 exodium,
432 2382 518 2436 quum
529 2381 655 2435 personae
663 2363 784 2435 pallentis
794 2363 893 2418 hiatum

287 2443 312 2496 in
324 2441 426 2515 gremio
437 2441 528 2494 matris
538 2438 660 2494 formidat
670 2440 783 2493 rusticus
794 2438 893 2507 iulans;

286 2515 408 2587 aequales
418 2514 525 2570 babitus
535 2513 865 2586 illicsimilesquevidabis

273 2591 445 2644 erchestram
455 2597 481 2643 st
490 2588 634 2661 populum:
654 2589 717 2644 clari
731 2589 851 2644 velamen
862 2589 969 2656 honoris,
1005 2624 1006 2633 ,

289 2663 426 2719 sufficiunt
436 2664 539 2718 tunicae
548 2664 662 2718 summis
673 2664 810 2719 Aedilibus
821 2664 899 2719 albae

234 2748 273 2791 18⁰
287 2737 336 2791 llic
345 2735 413 2792 ultra
426 2739 496 2792 vires
505 2737 612 2793 babitus
623 2739 705 2794 nitor:
726 2739 771 2793 hie
779 2738 880 2810 aliquid
890 2740 954 2812 plus,

918 2880 1003 3232 ‚l

370 3234 911 3296 .—
