2072 3332
264 259 296 313 5⁴
527 266 621 314 IUVE
628 266 741 314 NALIS

262 366 422 438 Crispinum.
461 366 532 434 Quid
541 385 614 441 agas,
630 385 715 440 quum
726 367 783 423 dira
792 376 817 423 et
830 367 939 425 foedior
948 370 1019 425 omui

206 453 232 496 15
259 443 490 514 criminepersona
500 441 557 497 est?
575 443 689 498 Mullum
702 460 749 499 sex
760 443 885 499 millibus
896 446 976 511 emit,
1018 450 1019 477 r

261 526 417 591 aequantem
427 535 491 573 sane
500 519 610 590 paribus
620 519 736 574 sestertia
748 518 833 582 libris,

261 601 291 648 ut
301 593 448 666 perhibent,
460 595 507 665 qui
518 594 551 648 de
561 595 666 668 magnis
677 594 775 648 maiora
786 593 954 666 loquuntur.

261 668 408 725 Consilium
419 668 498 723 laudo
508 669 625 734 artificis,
637 671 660 723 si
671 686 780 723 munere
789 677 861 724 unta
936 708 951 729 .,
1018 674 1019 733 j

260 747 427 817 praecipuam
439 744 466 798 in
477 742 574 798 tabulis
583 761 669 800 aeram
680 744 751 798 senis
761 744 872 799 abstulit
882 746 958 800 orbi.

206 829 232 874 to
260 821 308 874 Est
321 821 386 874 ratio
396 819 512 883 ulterior,
525 836 637 893 magnae
646 820 669 874 si
682 819 755 874 misit
765 820 872 883 amicae.

260 913 329 968 quae
337 894 443 950 vehitur
451 894 541 950 clauso
554 894 613 949 latis
623 884 805 967 specularibus
818 903 906 950 antro.

261 971 304 1026 Nil
317 969 368 1025 tale
376 978 526 1042 exspectes:
547 969 681 1025 emitsibi.
714 970 796 1025 Multa
806 970 946 1035 videmus,

261 1062 329 1117 quae
339 1044 420 1100 miser
432 1053 458 1100 et
466 1044 536 1119 frugi
548 1062 601 1101 non
610 1044 798 1117 leoitdpioius
828 1047 934 1111 Hoetu,
1018 1088 1019 1091 ,

261 1121 410 1176 suooinctus
421 1121 501 1193 patria
513 1121 658 1192 quondam,
671 1120 802 1193 Crispina,
815 1120 940 1196 papyro‘l
1018 1172 1019 1185 ,

206 1205 232 1250 25
261 1196 310 1251 hoo
319 1197 432 1267 pretium
444 1195 589 1268 squamae?
607 1196 695 1251 Potuit
704 1195 812 1251 fortasse
821 1197 936 1251 minoris
1018 1194 1019 1259 l

261 1272 382 1344 piscator,
394 1288 476 1343 quarn
488 1270 577 1343 piscis,
590 1272 653 1327 emi.
686 1271 822 1326 Provincia
833 1272 901 1326 tanti
1018 1268 1019 1275 ’

261 1347 352 1403 vendit
361 1363 450 1421 agros3
471 1346 518 1402 sed
529 1347 640 1402 maiores
651 1346 765 1420 Appulia
775 1346 874 1402 vendit,

262 1422 359 1489 Quales
368 1430 431 1477 tuno
444 1421 536 1494 epulas
547 1423 636 1494 ipsum
646 1421 758 1496 glutisse
767 1430 895 1494 putemus
949 1420 955 1435 ”

261 1498 484 1570 endoperatorem‚
497 1516 581 1569 quum
597 1505 632 1552 tot
641 1498 767 1562 sestertia,
780 1505 882 1570 partem

208 1582 233 1626 oo
262 1574 386 1648 exiguam
399 1581 424 1628 et
433 1572 550 1628 modicae
559 1580 674 1628 sumtum
685 1573 718 1627 de
730 1561 851 1646 margine
859 1589 965 1639 ooenaa‚
1018 1578 1019 1621 l

262 1666 413 1721 purpureus
423 1649 514 1722 magni
525 1649 631 1703 ructarit
644 1666 733 1703 scurra
745 1648 835 1712 Palati,
1018 1638 1019 1707 l

263 1725 315 1779 iam
327 1724 449 1796 princeps
460 1724 598 1795 Equitum,
610 1741 706 1798 magna
716 1723 762 1796 qui
777 1740 839 1778 voce
848 1722 950 1778 solebat
1018 1732 1019 1767 ἒ

263 1799 533 1870 venderemunioipes
543 1799 635 1854 Pharia
646 1800 678 1854 de
688 1797 896 1853 meroesiluros‘?
1018 1772 1019 1801 r

302 1874 540 1946 lnoipe,Calliopo;
563 1874 832 1941 lioathieoonsideree
854 1882 958 1928 nonest

210 1959 235 2003 35
262 1951 434 2016 cantandum,
446 1968 488 2004 res
497 1968 558 2005 vera
572 1952 668 2024 agitur.
697 1951 814 2014 Narrate,
827 1947 929 2020 puellae

264 2025 393 2081 Pierides:
415 2025 497 2098 prosit
508 2026 583 2091 mihi,
596 2042 644 2080 vos
655 2025 755 2079 dixisse
764 2023 879 2096 puellasl

301 2100 390 2167 Quum
402 2103 455 2155 iam
465 2099 1009 2156 seminauimurnlaoeraretFlaviusorbem

264 2176 385 2241 ultimus,
396 2184 422 2230 et
430 2176 504 2231 calvo
513 2177 622 2232 serviret
631 2177 712 2231 Roma
723 2175 833 2244 Neroni3
1018 2212 1019 2245 p

182 2313 192 2327 ο
264 2251 357 2306 inoidit
366 2251 470 2307 Adriaoi
480 2251 761 2324 spatiumadmirabile
773 2248 876 2305 rhombi

210 2332 237 2381 lo
266 2336 325 2383 anta
339 2326 449 2382 domum
463 2327 582 2388 Veneris.
595 2343 677 2399 quam
687 2326 777 2381 Dorica
792 2325 902 2379 sustinet
910 2325 1006 2388 Ancon,

265 2402 439 2475 implevitque
448 2402 540 2458 sinus:
563 2400 1003 2475 nequeenirnminorhaeseratillis,

266 2496 334 2551 (pros
346 2479 428 2550 operit
437 2478 678 2552 glaciesltlaeotioa,
691 2483 821 2548 ruptaque
830 2474 930 2530 tandem

266 2554 377 2618 solibus,
389 2553 501 2609 effundit
510 2554 635 2624 torpentis
645 2552 679 2607 ad
687 2553 752 2607 ostia
764 2551 848 2617 Ponti,

267 2628 340 2683 desid
345 2629 367 2682 ia
377 2627 475 2692 tardos,
486 2635 511 2682 et
520 2627 599 2701 longo
609 2627 704 2700 frigore
714 2628 837 2700 pingues.

214 2705 242 2758 le
270 2703 386 2757 Destinat
399 2703 448 2756 hoo
458 2709 605 2757 monstrum
615 2703 726 2775 oyrnbae
738 2702 841 2773 linique
849 2700 965 2773 magister

268 2775 512 2857 pontilioieumma.
541 2775 688 2844 Quiaenim
700 2793 845 2850 proponere
855 2774 927 2831 talem
