2028 3224
282 312 330 364 442
545 315 755 363 IUVENALIS

280 417 403 472 ssuetibus
413 416 525 471 actarde
537 435 583 488 per
596 417 677 472 densa
686 417 811 471 cadavera
822 432 912 486 prora.

279 495 332 547 Has
343 493 417 546 toties
426 500 511 563 optata
522 493 609 566 exegit
618 493 701 566 gloria
712 509 818 563 poenas.

317 570 371 621 »Da
381 569 497 639 spatium
508 568 585 630 vitae,
598 568 696 622 multos
709 569 750 630 da,
762 567 869 638 Iupiter,
883 569 997 623 annnam

279 644 332 697 Hoc
343 652 411 697 recto
421 642 498 696 vultu
507 642 604 707 solum,
618 643 668 697 hoc
678 652 703 697 et
711 642 826 714 pallidus
836 651 925 713 optas.

226 729 264 771 19⁰
279 718 330 773 Sed
340 736 422 790 quam
433 717 565 771 nontinuis
575 726 601 771 et
610 719 716 789 quantis
728 718 804 790 longa
814 727 940 773 senectus

279 794 356 866 plena
366 792 649 848 malis‘iDeiormemet
658 802 752 848 tetrum
763 795 920 849 antaomnia
927 794 973 851 vul
1000 825 1002 838 ι

279 868 490 940 dissimilemque
500 868 552 932 sui,
564 868 707 923 deformem
718 886 765 939 pro
774 876 833 922 cute
841 868 952 939 pellem,

279 944 476 1016 pendentesque
484 961 565 1016 genas
575 952 601 999 et
610 943 673 998 tales
684 944 789 1014 adspioe
799 961 888 1016 rugas,

280 1019 382 1090 quales,
393 1018 551 1074 umbriferos
561 1019 608 1073 ubi
618 1019 710 1091 pandit
719 1019 833 1072 Tabraca
847 1019 945 1087 saltus,

226 1105 264 1147 155
281 1096 308 1149 in
319 1094 406 1148 vetula
416 1093 509 1165 scalpit
517 1094 570 1147 iam
582 1103 664 1148 mater
673 1095 751 1148 simia
764 1094 856 1148 bueca.

280 1169 396 1223 Plurima
406 1176 469 1223 sunt
479 1169 606 1222 iuvenum
617 1169 783 1235 discrimiua;
804 1168 923 1240 pulcrior
934 1171 977 1226 ille

280 1245 337 1308 hoc,
349 1253 428 1316 atque
438 1243 481 1297 iile
492 1243 557 1311 alio;
579 1244 716 1298 multohic
725 1245 856 1300 robustior
867 1245 932 1301 ilio:
1003 1248 1004 1251 ’

281 1337 332 1374 una
343 1337 438 1374 senum
449 1318 536 1383 facies,
547 1335 608 1374 eum
618 1337 680 1374 voce
689 1321 825 1374 trementia
837 1323 968 1388 membra,

279 1403 304 1449 et
314 1396 366 1450 iam
378 1395 434 1450 leve
443 1401 530 1480 caput,
543 1396 697 1468 madidique
708 1394 816 1449 infantia
828 1397 898 1450 nasi.

225 1481 264 1523 teu
279 1470 452 1544 Frangendus
462 1472 557 1525 misem
565 1470 676 1544 gingiva
686 1471 762 1541 panis
774 1470 882 1525 inermi:

282 1564 366 1617 usque
377 1545 440 1600 adeo
449 1546 539 1618 gravis
549 1547 625 1600 uxori
637 1547 759 1617 natisque
768 1545 883 1617 sibique,

281 1629 309 1675 ut
317 1621 440 1692 captatori
451 1628 554 1675 moveat
564 1621 666 1675 fastidia
677 1622 767 1676 Cosso.

280 1698 338 1750 Non
349 1695 440 1749 eadem
450 1696 505 1749 vini
517 1702 595 1766 atque
605 1696 667 1757 eibi,
679 1703 796 1767 torpente
805 1696 902 1767 palato,

279 1771 391 1843 gaudia:
412 1787 474 1823 nam
484 1772 567 1823 unitus
579 1771 631 1823 iam
643 1770 719 1843 longa
729 1770 840 1837 oblivi03
863 1774 905 1827 vel
918 1775 941 1828 si

226 1856 264 1899 205
279 1847 389 1909 noueris,
405 1844 469 1899 iacet
479 1846 663 1917 exiguuscum
673 1846 770 1900 ramice
781 1864 889 1913 nervus,

280 1931 313 1981 et.
327 1937 452 1992 quamvis
461 1929 512 1974 teta
524 1920 644 1992 palpetur
653 1930 735 1987 noete
748 1921 851 1976 iacebit.

279 1997 356 2051 Anne
366 1996 467 2066 aliquid
477 2013 580 2067 sperare
590 2004 674 2068 potest
683 1997 765 2051 haee
758 1997 876 2069 inguinis
887 2001 960 2073 aegri

280 2071 406 2126 canities?
425 2071 505 2138 Quid,
516 2072 589 2144 quod
599 2075 691 2126 merito
701 2081 820 2143 suspecta
831 2072 916 2127 libido
926 2084 974 2139 est

280 2165 349 2219 quae
358 2148 483 2203 Venerem
494 2146 635 2202 adfectat
613 2166 671 2202 sine
680 2149 794 2201 viribus
824 2147 940 2220 Adspice
950 2168 1005 2221 par

226 2234 265 2276 210
281 2240 352 2277 nune
365 2222 495 2277 damnum
511 2222 626 2278 alterius.
656 2224 724 2278 Nam
738 2240 807 2295 quae
820 2231 942 2280 cantante
956 2226 997 2280 vol

628 2305 696 2369 ptas,

280 2374 315 2428 sit
325 2373 383 2428 licet
392 2372 508 2427 eximius
518 2372 693 2438 citharoedus
704 2374 770 2428 sitve
780 2372 916 2439 Seleucus,
1005 2436 1006 2445 ἵ

280 2457 304 2503 et
314 2450 413 2520 quibus
423 2456 513 2502 aurata
523 2465 580 2501 mos
593 2456 633 2502 est
641 2447 741 2522 fulgere
752 2448 871 2502 lacerna?

280 2524 350 2590 Ouid
362 2523 445 2588 refert,
460 2523 548 2596 magni
560 2522 647 2577 sedeat
656 2542 709 2595 qua
720 2532 792 2594 parte
803 2524 905 2590 theatri,

281 2601 327 2671 qui
338 2601 385 2654 vix
394 2600 538 2654 cornicines
548 2598 672 2652 exaudiat
681 2607 759 2670 atque
772 2599 897 2653 tubarum

227 2685 265 2728 215
280 2674 441 2729 concentus?
460 2675 580 2729 Clamore
589 2689 656 2744 opus
666 2683 715 2735 est,
730 2682 760 2728 ut
769 2674 863 2727 sentiat
873 2675 957 2741 auris,
1005 2672 1006 2677 ’

281 2767 361 2821 quem
371 2748 439 2804 dicat
449 2750 553 2804 venisse
566 2766 639 2820 puer,
655 2759 720 2820 qunt
731 2749 832 2803 nuntiet
843 2749 929 2804 horas.

280 2827 413 2881 Praeterea
423 2826 552 2880 minimus
562 2824 649 2897 gelido
659 2825 711 2878 iam
721 2841 827 2895 empore
837 2826 948 2898 sanguis
