2072 3332
285 241 317 293 58
546 246 758 293 IUVENALIS

226 353 269 401 ἰιι
283 345 401 402 concilio
417 344 621 417 quosnlnanam
631 346 687 400 dux
698 363 812 418 maguus
822 347 849 401 in
862 365 957 403 arcem
1020 352 1021 395 ι

286 429 399 475 traxerat
407 420 546 484 adtcnrccs
558 429 582 474 et
593 420 715 476 festinare
724 430 835 485 euectos
1020 444 1021 483 ι

285 494 1021 583 tamquamdeCattiseliquidtorvisqueSygambris

286 571 414 634 dicturus,
431 570 928 642 tamquamediversispartibusorbis
1020 548 1021 629 i

287 646 366 700 anxia
376 645 508 715 praecipiti
519 646 633 700 venisset
642 646 749 731 epistola
762 663 860 717 penna

234 733 273 774 ιιι
324 720 410 791 Atque
420 720 521 774 utinam
532 720 574 774 his
584 721 671 791 potius
684 721 763 793 nugis
773 728 824 775 tota
835 720 881 775 iila
893 654 1021 939 dedisuss

288 803 403 866 tempora
413 795 543 860 saevitiae,
555 796 638 850 claras
648 796 746 866 quibus
756 796 865 851 abstuiit
876 796 947 852 Urbi

288 870 457 941 illustresque
467 870 569 924 animas
579 870 688 942 impune
698 879 723 924 οι
733 871 838 925 vindice
847 872 926 926 nuile
938 874 945 926 ι

288 944 340 999 Sed
348 945 433 1016 periit,
446 951 584 1016 postquam
595 945 751 999 cerdonibus
761 963 818 1000 esse
827 945 974 1003 timendus

288 1027 412 1092 coeperat.
442 1021 495 1074 Hoc
510 1020 597 1075 nocuit
607 1020 757 1075 Lamiarum
767 1020 846 1075 caede
858 1024 998 1080 madenti.
1019 970 1021 1083 i

506 1201 814 1260 sarruav.
960 1210 963 1214 ·

290 1322 444 1360 ancum
560 1321 733 1370 pr
714 1322 883 1359 meeaenrrcum
895 1324 1021 1395 ιιιηιῃι,1

508 1336 643 1422 erasmiana
726 1383 821 1421 mamam

329 1456 362 1520 Si
376 1472 402 1520 te
410 1465 536 1538 propositi
552 1465 670 1520 nendum
683 1397 778 1535 findet,
796 1473 876 1537 atque
890 1469 991 1525 eadem
1008 1452 1021 1529 e

693 1556 776 1604 mens,

290 1624 320 1670 ut
328 1616 397 1670 bena
411 1632 516 1669 summa
526 1622 611 1686 putes,
624 1613 708 1669 aliena
718 1615 806 1670 vivere
818 1617 939 1686 quadra;

290 1691 314 1745 si
322 1697 395 1762 petes
404 1689 449 1743 illa
460 1690 522 1761 pati,
534 1707 602 1762 quae
610 1706 658 1745 nec
667 1690 819 1744 Sarmentus
833 1691 945 1763 iniquas
1020 1696 1021 1755 ι

291 1765 409 1820 Caesaris
421 1763 578 1830 admoneas,
590 1765 708 1820 necviiis
722 1764 803 1819 Galba
817 1765 939 1824 tulisset:
1020 1794 1021 1839 ι

238 1852 249 1893 5
290 1840 414 1912 quamvis
425 1839 509 1894 iurato
519 1848 635 1895 metuam
644 1840 691 1893 tibi
701 1839 804 1894 credere
814 1842 881 1896 testi.

291 1917 387 1971 Ventre
397 1915 462 1970 nihil
473 1916 533 1970 novi
544 1915 684 1988 frugalius.
714 1916 768 1969 Hoc
780 1924 866 1971 tamen
878 1917 975 1989 ipsum
1020 1948 1021 1957 ι

292 1989 498 2061 deiecisseputa,
512 1989 854 2062 qnedinanisuificitalvc:

293 2065 365 2119 nulia
379 2064 484 2137 crepido
499 2064 590 2120 vacat?
609 2082 742 2136 nusquam
757 2082 824 2136 pons
838 2074 862 2119 et
872 2070 969 2140 tegetis
980 2088 1021 2141 pa

292 2139 531 2195 dimidiabrsvicr‘?
550 2140 675 2194 Tanune
668 2157 764 2194 iniuria
772 2139 884 2195 coenae?
1020 2140 1021 2161 ¹

239 2227 264 2268 ru
292 2213 552 2270 tamieiunaiames‘?
571 2214 908 2286 quumpoisithonestius‚
920 2217 978 2274 iilic

292 2299 317 2346 et
326 2297 436 2345 tremere
445 2297 469 2344 οι
478 2288 568 2344 sordes
577 2288 653 2344 farris
663 2289 781 2344 mordere
793 2307 891 2345 camur.
1020 2332 1021 2351 1

331 2367 418 2420 Primo
428 2364 479 2437 fige
489 2363 554 2429 loeo,
566 2364 638 2435 quod
648 2372 676 2419 tu
686 2364 853 2419 discumbere
866 2365 959 2422 iussus
1020 2394 1021 2423 ι

292 2440 438 2496 mercedem
452 2438 564 2493 solidam
575 2448 692 2494 veterum
701 2441 773 2511 capis
783 2438 939 2498 officiorum
1020 2482 1021 2489 ι

293 2518 405 2571 Fructus
415 2514 542 2570 amicitiae
556 2515 760 2587 magnaecibus
780 2516 1021 2587 Imputatnuncrer

239 2603 264 2645 15
281 2599 326 2655 et,
338 2591 571 2663 quamvisrarum
584 2591 802 2661 tamenimputat.
822 2591 1021 2665 Ergodunspar

292 2683 316 2718 οι
309 2664 403 2719 libuit
413 2682 516 2719 menses
528 2665 673 2738 neglectum
683 2665 766 2719 accire
774 2664 905 2732 clientem,

294 2739 367 2796 terta
377 2756 410 2796 ne
419 2756 502 2796 vacuo
511 2747 622 2797 cessaret
630 2739 725 2795 culcita
735 2738 812 2796 lecto
