2072 3332
252 215 285 268 38
519 220 731 268 Iuventus

252 320 299 394 qui
310 318 405 375 Curios
415 318 545 375 simulant
553 327 578 375 et
587 320 756 379 Bacchanalia
767 320 878 376 vivunt.

251 395 348 450 indocti
359 394 491 467 primum;
512 413 676 468 quamquam
687 396 763 467 plena
773 396 864 451 omnia
875 414 978 471 gypso

196 481 209 524 5
251 470 394 544 Chrysippi
406 470 536 525 invenias.
548 472 615 525 Nam
625 470 831 542 perlectissimus
843 471 952 527 horum
963 483 1017 541 est,

251 564 273 600 ει
285 546 347 618 quis
357 544 523 600 Aristotelem
533 545 648 600 similem
662 545 701 600 vel
714 547 828 601 Pittacon
841 548 921 614 emit,

251 630 276 675 et
286 621 359 675 iubet
368 620 523 693 archetypos
532 620 652 692 pluteum
663 639 767 676 servare
777 621 937 678 Cleanthas

251 695 341 751 Fronti
352 694 425 750 nulla
435 695 510 750 fides.
540 695 606 762 Quis
618 696 690 750 enim
702 713 754 751 non
768 697 843 751 vicus
855 696 985 752 abundat
1016 702 1017 705 ’

253 771 373 826 tristibus
384 769 540 826 obscoenis?
559 770 677 844 Castigas
686 771 780 842 turpia,
790 790 878 844 quum
889 773 932 828 sis

198 857 223 899 ιο
252 847 320 902 inter
329 846 472 901 Socraticos
483 846 619 901 notissima
629 845 698 901 fossa
710 847 852 905 cinaedos?

252 920 362 993 llispida
377 921 495 976 membra
509 921 618 994 quidem
629 928 655 977 et
664 922 745 976 durae
755 940 801 994 per
814 923 925 978 brachia
937 933 1013 980 setae

252 997 410 1069 promittunt
420 1005 533 1051 atrocem
542 996 678 1064 animum,
700 997 746 1051 sed
756 997 848 1069 podice
859 996 913 1053 levi

252 1071 397 1127 caeduntur
405 1071 531 1137 tumidae,
544 1071 646 1127 medico
656 1071 765 1136 ridente,
778 1073 914 1128 mariscae.

252 1149 338 1202 Rarus
347 1164 434 1201 sermo
443 1145 498 1201 illis
507 1153 531 1201 et
541 1165 636 1221 magna
647 1146 738 1203 lubido
749 1148 859 1214 tacendi,

198 1233 225 1278 tt
252 1231 332 1296 atque
343 1221 484 1294 supercilio
497 1222 602 1278 brevior
610 1240 694 1278 coma.
728 1223 823 1280 Verius
835 1242 899 1298 ergo

252 1306 278 1353 et
286 1298 373 1373 magis
383 1298 497 1371 ingenue
507 1298 679 1354 Peribomius.
709 1299 786 1353 Hnnc
794 1315 843 1373 ego
853 1297 914 1354 fatis

253 1374 365 1445 imputo,
377 1373 424 1446 qui
437 1373 513 1429 vultu
523 1373 648 1429 morbum
659 1374 816 1446 incessuque
825 1372 925 1429 fatetur.

254 1451 356 1504 llorum
365 1448 521 1521 simplicitas
534 1448 707 1511 miserabilis;
730 1450 772 1503 his
781 1447 853 1505 furor
866 1451 921 1522 ipse

255 1525 300 1580 dat
310 1526 428 1580 veniam:
449 1524 495 1580 sed
506 1526 615 1596 peiores,
627 1527 673 1597 qui
683 1523 745 1579 talia
754 1525 844 1580 verbis

198 1608 225 1653 2⁰
254 1600 372 1655 llerculis
383 1600 522 1666 invadunt,
534 1607 567 1665 et,
580 1600 613 1655 de
623 1600 719 1654 virtute
729 1599 840 1672 loquuti,

254 1675 359 1730 clunem
371 1676 480 1748 agitant.
518 1675 573 1744 qu
583 1685 607 1730 ta
617 1685 751 1741 occentent,
772 1675 858 1741 Sexte,
874 1675 998 1732 verebor?

256 1749 364 1806 infamis
375 1749 490 1805 Varillus
499 1750 548 1805 ait:
563 1767 613 1819 quo
623 1755 735 1807 dematur
746 1749 788 1804 la?

257 1826 412 1899 Loripedem
425 1834 511 1881 rectus
520 1825 644 1891 derideat,
656 1824 810 1898 Aethiopem
819 1825 903 1880 albus.

257 1902 323 1969 Quis
334 1901 423 1957 tulerit
431 1901 563 1957 Gracchos
573 1900 605 1956 de
615 1901 743 1956 seditione
752 1899 907 1976 querentes?-

201 1988 227 2033 25
255 1978 317 2051 quis
326 1977 428 2033 coelum
440 1977 514 2033 terris
525 1994 577 2032 non
588 1977 694 2031 misceat
702 1984 728 2031 et
737 1995 808 2032 mare
818 1975 894 2041 coelo,

257 2055 280 2108 si
293 2052 336 2108 lur
344 2052 481 2125 displiceat
488 2053 573 2115 Verri,
585 2052 716 2107 homicida
726 2051 826 2118 Miloni,

253 2128 364 2185 Clodius
374 2136 477 2183 accuset
487 2127 618 2193 moechos,
630 2127 741 2183 Catilina
751 2124 909 2201 Cethegum?

257 2205 285 2259 in
295 2202 412 2258 tabulam
422 2202 511 2258 Sullae
520 2204 543 2257 si
552 2203 640 2258 dicant
649 2203 772 2274 discipuli
786 2202 856 2257 tres?

257 2278 345 2351 qualis
355 2286 409 2332 erat
418 2296 503 2350 nuper
511 2279 610 2352 tragico
620 2278 736 2350 pollutus
746 2276 847 2333 adulter

204 2362 230 2408 tt
257 2354 409 2419 concubitu,
421 2354 468 2426 qui
480 2362 543 2409 tunc
552 2354 622 2427 leges
632 2353 770 2408 revocabat
781 2370 880 2407 amaras

258 2430 393 2494 omuibus,
405 2437 483 2502 atque
493 2430 558 2500 ipsis
569 2430 662 2485 Veneri
673 2429 803 2500 Martique
813 2427 939 2494 timendas,

258 2521 343 2575 quum
358 2512 393 2558 tot
401 2503 527 2559 abortivis
537 2503 677 2559 fecundam
688 2503 753 2558 lulia
763 2503 868 2559 vulvam

258 2577 378 2643 solveret,
391 2586 416 2632 et
425 2588 519 2650 patruo
528 2578 630 2633 similes
640 2578 783 2633 effunderet
793 2578 864 2633 olias.

258 2652 352 2705 Nonne
361 2652 444 2723 igitur
453 2655 510 2708 iure
520 2671 549 2708 ac
559 2655 651 2709 merite
662 2654 724 2707 vitia
740 2653 832 2708 ultima
845 2653 909 2708 fictos

204 2735 231 2779 35
258 2731 429 2781 contemnunt
437 2726 559 2796 Scauros,
573 2736 599 2783 et
610 2728 735 2802 castigata
745 2728 901 2786 remordenti

602 2946 607 2975 r

661 3032 664 3039 '
674 3027 680 3069 l
