2072 3332
274 266 308 318 tro
537 268 748 314 IUVENALIS

221 383 247 425 5ο
275 370 394 445 frigidior
404 370 501 425 Getieis
512 370 608 440 petitur
617 370 720 424 decocta
731 369 844 440 pruinis.

276 448 333 500 Non
343 445 434 500 eadem
447 445 522 499 uubis
532 444 594 516 poni
604 445 682 499 modo
691 444 752 498 vina
763 446 915 516 querebar:

276 540 323 576 vos
333 521 410 574 aliarn
422 521 516 591 potatis
526 537 633 591 aquarn.
664 519 722 573 Tibi
737 520 829 590 pocula
840 538 945 575 cursor

276 595 403 651 Gaetulus
412 595 493 660 dabit,
506 603 551 649 aut
562 595 630 668 nigri
640 612 736 649 manus
745 613 819 649 ossea
829 596 937 662 Mauri,

276 681 301 725 et
309 671 352 725 cui
364 688 408 742 per
418 670 531 724 mediam
543 669 610 724 nolis
618 685 753 724 occurrere
761 678 873 735 noctem,

222 759 247 800 55
275 746 388 800 clivosae
397 745 500 799 veheris
509 745 574 799 dum
585 760 631 815 per
641 752 811 799 monumenta
821 745 950 801 Latinae.

277 821 338 875 Flos
349 821 426 875 Asiae
435 828 494 875 aute
507 820 603 889 ipsum,
618 820 701 891 pretio
711 821 808 875 maiore
816 815 947 892 paratu‘s,

278 910 360 968 quam
371 895 421 950 luit
430 902 455 949 et
464 894 533 950 Tulli
543 912 638 949 census
648 896 786 969 pugnacis.
798 903 823 950 et
832 896 913 961 Anci,

278 978 311 1033 et,
325 988 359 1025 ne
368 978 392 1025 te
401 978 513 1035 teneam,
527 971 707 1024 Romanorum
718 972 806 1025 omnia
817 989 917 1043 regum

278 1045 380 1100 frivola.
397 1045 1016 1121 Quodquumitasit,tuGaetulumGanymede

224 1133 249 1175 5ο
279 1121 386 1192 respice.
397 1137 482 1191 quum
492 1121 575 1174 sities.
594 1121 694 1174 'Nescit
704 1128 739 1175 tot
750 1120 870 1176 millibus
882 1131 985 1177 emtus

277 1196 438 1269 pauperihus
449 1195 557 1250 miscere
568 1212 646 1266 puer:
668 1194 714 1250 sed
726 1194 818 1261 forma,
832 1197 881 1250 sed
892 1207 974 1253 aetas

278 1270 517 1345 dignasupercilio.
538 1270 649 1337 Quando
661 1271 694 1326 ad
703 1279 728 1326 te
738 1271 937 1343 pervenitille‘?
1021 1292 1022 1331 ς

279 1347 385 1419 quando
396 1353 502 1401 vocatus
513 1346 585 1400 adest
595 1345 694 1400 calidae
702 1346 1019 1420 gelidaequeminister?

279 1422 382 1493 Quippe
391 1422 545 1494 indignatur
554 1422 633 1476 veteri
643 1439 734 1492 parere
750 1421 848 1487 clienti,
1021 1464 1022 1503 r

225 1508 250 1549 55
278 1497 403 1569 quodque
412 1496 514 1568 aliquid
529 1514 620 1568 poscas
629 1505 654 1551 ct
664 1497 736 1568 quod
747 1515 775 1551 se
785 1505 869 1553 stante
876 1499 1022 1565 recumbat

279 1572 395 1627 Maxima
410 1589 531 1644 quaeque
547 1573 643 1626 doinus
659 1573 742 1627 servis
753 1580 792 1627 est
803 1572 880 1644 plena
892 1568 1022 1646 superbi

315 1648 381 1701 Ecce
393 1646 460 1701 alius
471 1655 569 1718 quanto
579 1649 694 1719 porrexit
704 1666 840 1702 murmure
850 1666 953 1719 panem

280 1722 326 1776 vix
336 1720 456 1787 fractum,
469 1721 567 1776 solidae
577 1723 628 1777 iarn
639 1723 743 1777 mucida
756 1723 836 1779 [truta
847 1723 963 1788 tarinae,
1021 1758 1022 1811 t

279 1815 348 1868 quae
362 1797 509 1871 genuinum
524 1799 630 1871 agitent,
651 1816 702 1852 nou
717 1798 878 1852 admittentia
896 1816 1022 1877 morsuup

227 1884 251 1925 tu
279 1872 330 1927 Sed
339 1880 445 1927 teneret
458 1874 552 1928 niveus
566 1872 693 1945 mollique
703 1873 808 1947 siligine
818 1873 901 1928 factus
1021 1930 1022 1935 ,

280 1948 525 2015 servaturdomino.
555 1950 676 2003 Dextram
687 1949 807 2003 cohibere
817 1960 962 2006 rnamenta.
1021 1996 1022 2013 ,

279 2024 356 2079 Salva
368 2024 402 2077 sit
414 2024 526 2095 artocopi
538 2025 688 2078 reverentia.
719 2025 802 2097 Finge
813 2032 898 2078 tamen
914 2037 940 2082 ta

280 2098 471 2169 improbulum,
488 2115 607 2170 superest
617 2099 678 2162 tute,
693 2099 739 2170 qui
752 2116 847 2169 ponere
857 2110 948 2174 cogat·

280 2174 344 2228 »Vis
355 2182 382 2228 tu
393 2175 533 2237 consuetis,
546 2176 632 2229 audax
643 2175 762 2235 conviva¹
775 2174 896 2228 canistris
1021 2174 1022 2183 ’

227 2259 251 2301 te
279 2248 410 2320 »impleri
425 2249 553 2320 panisque
564 2250 600 2302 tui
612 2249 717 2303 novisse
729 2249 877 2303 colorem‘lo

280 2326 386 2380 Scilicet
395 2327 441 2378 loc
450 2329 545 2393 tuerat,
555 2329 738 2394 propterquod
747 2343 830 2393 coepe,
842 2328 936 2381 relicta
1021 2390 1022 2393 Ἴ

282 2405 397 2468 ccciccc,
410 2418 458 2467 per
470 2408 579 2452 urentem
592 2404 728 2454 adeersum
743 2404 892 2470 calidusque
907 2404 1022 2471 crrcruri

280 2476 421 2544 Esquiliae,
433 2479 638 2544 fremeretsaeaa
650 2494 728 2545 qrurm
739 2480 972 2545 praeliacurrus
1021 2520 1022 2531 ,

283 2552 382 2616 Iupiter
392 2559 416 2603 et
425 2553 505 2603 multo
514 2553 626 2603 stillaret
635 2554 750 2619 paenula
760 2552 859 2605 nimbo!

228 2634 253 2675 80
282 2624 402 2694 Adspice,
415 2641 495 2695 quam
510 2623 589 2697 longo
599 2624 729 2679 distendat
739 2634 839 2696 pectore
851 2625 961 2691 lanccrn,

283 2715 351 2768 quae
362 2697 442 2751 fertur
452 2699 568 2762 domino,
576 2699 683 2769 squilla,
695 2696 1022 2773 etquibusuudiqueseptcl

283 2772 426 2845 asparagis,
437 2790 489 2844 qua
501 2773 625 2845 despiciat
634 2774 755 2829 convivia
766 2778 858 2838 carrda.
