2072 3332
316 240 461 286 ee'rlltn
477 239 524 285 111.
759 236 794 288 49

30 357 124 411 quem
135 340 201 394 setis
213 348 262 403 est.
274 339 406 394 interdum
418 340 502 395 aliena
513 340 630 394 sumitur
642 358 708 394 aree.

31 416 193 470 Commune
202 415 230 470 id
243 415 339 470 vitium
350 423 399 470 est.
431 415 606 469 fficvivimus
617 416 755 470 ambitiose

32 498 197 562 paupertate
208 507 312 545 omnes.
341 488 564 556 Ouidtemoror?
582 489 787 546 Omnialtonme

31 583 103 620 cum
114 567 208 637 pretio.
230 564 302 632 Quid
312 564 795 638 des‚utCossumaliquandosniutee?

32 640 337 712 utterespieiatoiauso
345 641 454 696 Veiento
463 640 576 695 labello?
811 654 850 695 res

33 716 87 770 Ille
98 717 174 770 metit
182 716 302 780 herbam,
313 716 414 771 crinem
423 716 468 770 bio
474 716 582 787 deponit
591 717 686 771 amnti:

33 792 119 863 plens
128 791 227 845 domus
238 790 300 845 libis
308 790 460 845 venalibus.
488 791 593 862 Aoeipe,
604 791 707 847 etillud

36 867 201 921 termentum
212 866 261 921 tibi
274 865 356 920 habe:
375 874 508 938 proestare
517 866 732 922 tributaclientes

34 942 173 1014 oogimnr,
188 949 214 995 et
223 940 408 1014 cultisaugere
417 941 519 1012 peculia
529 942 624 997 servis.

78 1017 147 1084 Quis
156 1017 233 1071 timet
243 1025 290 1070 eut
301 1016 485 1089 timuitgeiide
496 1018 634 1072 Praeneste
644 1018 760 1083 ruinam,
811 1031 850 1072 seo

36 1101 85 1147 aut
94 1092 191 1164 positis
203 1109 338 1146 nemorosa
349 1092 417 1145 inter
426 1093 488 1164 iuge
500 1091 634 1152 Volsiniis.
646 1102 693 1148 out

38 1167 213 1240 simplicibus
223 1167 325 1231 Gabiis,
336 1174 383 1221 eut
392 1168 469 1238 proni
480 1168 587 1221 Tiburis
596 1168 672 1222 erne?

39 1245 94 1298 Nos
104 1243 201 1298 urbem
211 1241 325 1296 colimus
335 1244 406 1298 tenui
417 1242 525 1297 tibicine
532 1242 625 1298 fultam

39 1317 288 1393 magnopertesui.
317 1319 385 1372 Nem
395 1318 434 1372 sie
443 1317 594 1373 lnbentibus
602 1319 688 1373 obstet

39 1393 150 1449 viilieus
160 1400 195 1457 et,
208 1393 304 1449 veteris
314 1394 397 1448 rimae
405 1410 490 1464 quum
502 1394 567 1448 texit
576 1394 690 1459 histum,
812 1406 851 1448 rm

40 1487 150 1526 securos
160 1468 291 1541 pendente
301 1469 375 1522 iubet
386 1468 502 1524 dormire
511 1470 599 1523 ruine.

41 1544 196 1601 Vivendum
206 1550 247 1598 est
256 1543 319 1606 imo,
332 1544 378 1598 ubi
390 1543 462 1598 nulle
474 1543 604 1608 inoendie,
617 1543 684 1599 ouili

39 1630 117 1677 nocte
125 1628 224 1676 metus.
259 1621 314 1674 lam
327 1620 410 1691 poseit
419 1637 527 1748 eqpnm,
542 1620 593 1674 iem
604 1610 697 1675 frivoin
711 1628 798 1675 trans·

461 1702 500 1749 ert

40 1769 190 1845 Ucalegon3
212 1769 329 1825 tabulata
339 1770 385 1825 tibi
396 1770 449 1825 iam
461 1770 533 1825 tertia
545 1770 662 1826 fument:

39 1857 68 1901 tu
80 1846 182 1902 neseis.
212 1847 280 1899 Nem
290 1845 314 1899 si
322 1846 452 1918 gradibus
465 1846 610 1916 trepidatur
621 1846 655 1900 ab
664 1847 734 1909 imis,
812 1857 852 1899 too

39 1922 158 1976 ultimus
171 1919 282 1984 ardebit,
294 1938 374 1992 quem
385 1920 473 1996 teg-ule
483 1921 538 1976 sole
549 1930 637 1976 tuetur

41 1997 172 2069 epluvis,
184 1995 278 2050 molles
289 1996 333 2050 ubi
345 1997 458 2051 reddunt
466 2014 516 2052 ova
526 1996 672 2053 ooiumbee.

41 2073 139 2127 Lectus
149 2078 205 2126 eret
215 2070 301 2126 Codro
310 2071 419 2126 Procula
430 2073 526 2136 minor.
538 2072 633 2128 uroeoli
642 2090 699 2138 sex,

42 2154 232 2202 ornamentum
243 2146 326 2210 abaci,
339 2163 448 2202 necnon
462 2155 486 2203 et
499 2147 627 2219 parvulus
639 2146 706 2203 inire

43 2223 188 2277 cantharus
200 2228 226 2275 et
236 2222 364 2277 reoobens
375 2223 427 2276 sub
437 2222 527 2279 eodem
538 2241 668 2279 marmore
678 2223 791 2283 Chiron;
812 2231 852 2273 205

46 2302 155 2369 iamque
164 2303 241 2353 vetus
251 2296 364 2352 Graecos
373 2298 495 2353 servabat
503 2299 568 2355 eista
580 2297 691 2362 libellos,

45 2381 70 2427 et
82 2372 176 2427 divine
187 2372 256 2443 opioi
266 2373 391 2427 rodebant
400 2373 517 2429 earmina
529 2392 626 2429 mures.

47 2448 89 2503 Nil
100 2447 197 2502 hebuit
208 2447 325 2503 Codrus:
336 2448 399 2520 quis
409 2448 479 2503 enirn
493 2448 621 2522 negotist
631 2456 717 2500 tomen
734 2443 799 2499 illud

47 2522 163 2595 perdidit
173 2521 266 2578 infelix
275 2531 360 2578 totum
371 2524 452 2578 nibil:
474 2523 586 2578 ultimus
594 2529 682 2577 eutem

48 2598 415 2671 aerumneecumulus‚quod
426 2597 787 2671 nudumetirusterogentem
814 2606 854 2648 210

49 2691 128 2728 nemo
137 2674 207 2737 cibo,
220 2691 298 2729 nemo
307 2674 422 2745 hospitio
433 2682 551 2745 tectoque
561 2672 673 2729 iuvabit.

49 2748 77 2803 Si
87 2766 187 2822 magna
195 2748 287 2805 Artori
295 2748 389 2805 oeeidit
397 2749 507 2805 domus:
528 2748 737 2815 horridemnter‚

88 2841 205 2896 lurensi..
670 2841 692 2892 D
