2028 3224
268 272 414 319 sunu
431 274 465 320 X.
692 273 742 325 109

7 376 84 433 ,vioe
94 374 202 430 astricta
211 372 352 428 dominum
359 374 475 428 trahet«
503 374 535 428 Hi
544 392 680 431 sermones

7 470 41 507 ne
51 451 90 505 de
101 450 208 515 Seiano,
219 459 317 504 secreta
331 450 395 504 baec
405 467 544 503 murmura
554 450 640 525 vulgi.

7 545 63 582 sne
74 526 199 588 salutari,
214 525 284 578 sieut
292 524 424 579 Seianus?
441 524 539 579 habere
769 540 795 583 00

7 599 172 658 rtumdem‘?
190 608 270 670 atque
281 598 318 653 illi
329 599 409 653 selles
418 599 516 654 donare
528 600 643 667 cundes,

7 696 56 732 um
70 676 236 732 exercitibus
246 673 425 746 praeponere?
441 683 512 729 tutor
522 675 614 730 haberi

7 752 123 824 incipis,
136 758 250 823 angusta
262 750 423 821 Caprearum
434 750 462 804 iu
472 768 539 821 rupe
547 750 664 807 sedentis

8 848 39 882 m
50 844 139 902 grege
153 824 304 882 Chaldaeo?
323 826 365 879 vis
374 833 458 880 sertae
467 825 520 896 pila
530 826 653 891 eohortis,

8 904 104 977 regios
115 902 230 973 equites,
242 910 269 954 et
278 908 362 954 eastra
371 899 533 955 domestice?
551 900 651 967 Quidni
769 916 795 959 tt

9 997 43 1032 ee
53 975 172 1048 eripias?
190 978 232 1033 Et.
243 976 291 1046 qui
302 974 397 1030 nolunt
406 975 521 1030 oecidere
530 993 704 1050 quemquam,

7 1072 58 1108 sse
70 1051 175 1107 volunt.
205 1050 730 1123 Sedquaeprneolaraetprosperatanti‚

16 1129 104 1183 rebus
115 1126 192 1181 laetis
201 1144 249 1197 par
258 1126 293 1180 sit
303 1144 427 1180 mensura
437 1125 589 1180 malorum?

7 1206 78 1268 rius,
91 1203 143 1274 qui
153 1202 277 1264 trahitur,
288 1210 449 1272 praetextam
459 1220 564 1256 sumere
575 1203 679 1257 mavis?

24 1279 195 1334 Fidenarum
206 1276 407 1349 Gabiorumque
416 1295 475 1331 esse
484 1286 606 1348 potestas,
754 1290 794 1333 100

13 1355 190 1409 demensum
203 1352 244 1406 ius
254 1352 348 1414 dicere,
361 1370 425 1408 vasa
435 1353 537 1406 minora

7 1446 115 1503 angere,
128 1444 266 1499 pannosus
278 1428 368 1482 vacuis
378 1427 470 1482 aedilis
481 1426 607 1481 Ulubris?

7 1523 52 1577 ego
61 1504 288 1576 quidoptandum
299 1502 373 1569 foret,
387 1503 522 1575 ignorasse
532 1502 620 1557 lateris

8 1583 127 1635 lanum:
150 1579 269 1651 namqui
281 1579 379 1633 nimios
388 1578 494 1650 optabat
503 1579 615 1633 honores

14 1656 119 1710 nimias
128 1654 251 1726 poscebat
260 1670 332 1724 opes,
346 1671 485 1708 numerosa
496 1654 604 1725 perabat
755 1666 793 1710 100

10 1731 102 1785 uelsae
112 1729 195 1783 turris
207 1729 331 1795 tabulata,
344 1729 416 1784 unde
425 1729 500 1783 altior
510 1737 578 1784 esset

12 1825 60 1860 sus
72 1814 99 1860 et
111 1803 244 1875 impulsae
254 1822 376 1876 praeoeps
388 1805 504 1859 immane
514 1804 615 1860 ruinae.

13 1882 54 1935 rid
64 1881 186 1938 Crassos.
199 1879 266 1951 quid
277 1880 413 1950 Pompeios
422 1879 534 1934 evertit‘l
552 1880 673 1945 stillum,

14 1974 17 2010 l
29 1975 79 2011 sua
90 1956 139 2028 qui
149 1955 263 2009 domitos
274 1955 384 2010 deduxit
395 1954 475 2028 flagra
487 1953 619 2021 Quirites?

15 2050 116 2087 numus
127 2048 223 2102 nempe
233 2030 315 2095 loeus,
330 2031 401 2085 nulla
412 2049 463 2086 uon
474 2039 528 2085 arte
536 2030 642 2102 petitus,
754 2042 793 2085 110

17 2124 138 2179 agnaque
147 2106 306 2160 numinibus
318 2116 377 2160 vota
387 2106 509 2161 exaudita
520 2105 656 2179 malignis.

18 2183 27 2235 l
37 2199 167 2256 generum
179 2182 281 2237 Cereris
292 2182 349 2236 sine
361 2181 439 2236 caede
449 2189 474 2236 et
486 2181 593 2236 vulnere
602 2181 680 2254 pauci

19 2258 150 2329 scendunt
158 2275 243 2330 reges,
255 2264 281 2312 et
290 2257 357 2312 sicca
371 2264 454 2312 morte
463 2258 576 2331 tyranni.

48 2332 170 2404 loquium
181 2350 211 2386 ac
222 2330 319 2387 lamam
330 2333 512 2388 Demosthenis
523 2340 568 2388 aut
580 2327 713 2387 Ciceronis

40 2408 80 2483 pit
90 2415 188 2480 optare,
201 2415 226 2461 et
234 2408 295 2461 totis
305 2407 517 2480 Quinquatribus
526 2415 606 2479 optat,
753 2415 793 2460 115

52 2484 112 2556 quis
122 2483 211 2538 adbuc
220 2500 275 2537 uno
285 2492 384 2554 partem
395 2483 457 2538 eolit
466 2501 524 2538 asse
533 2483 687 2546 Minervam,

79 2560 200 2631 sequitur
209 2566 298 2614 custos
308 2567 436 2633 angustae
446 2559 556 2614 vernula
565 2574 668 2629 capsae

77 2635 102 2688 io
110 2633 156 2689 sed
167 2640 280 2704 uterque
290 2641 356 2706 perlt
366 2643 464 2689 orator:
486 2643 630 2705 utrumque

52 2727 81 2764 us
90 2717 115 2764 et
124 2709 266 2765 exundans
275 2709 326 2764 leto
335 2711 408 2765 dedit
418 2711 516 2783 ingenii
528 2708 596 2764 fons.

58 2785 206 2841 niomanus
218 2792 291 2839 estet
300 2787 391 2840 cervix
401 2804 488 2854 caesa3
512 2801 698 2857 necumquem
755 2793 795 2839 tto
