2072 3332
280 313 312 364 40
546 316 757 362 IUVENALIS

280 418 432 472 damnetur:
453 417 477 471 si
488 417 538 483 vis,
552 417 630 472 etiam
644 417 774 472 Carfinia:
795 416 875 471 talem
1027 466 1028 475 ,

227 503 251 546 00
281 511 331 548 non
342 501 430 548 sumet
441 493 563 548 damnata
572 500 671 567 togam.
700 493 950 548 Sedluliuaurdet:
1027 516 1028 545 r

280 578 378 624 oestuo.
408 568 589 642 Nudusagasl
610 569 700 624 Minus
711 575 750 622 est
760 567 863 622 insania
873 568 974 640 turpis.
1027 592 1028 643 i

280 644 321 698 En
331 644 461 709 habitum,
476 661 529 715 qno
541 652 564 698 te
574 643 644 717 leges
654 661 684 698 ac
696 643 752 698 iura
764 642 890 697 terentem

283 718 438 774 vulneribus
448 718 538 772 erudis
548 718 663 790 populus
673 718 751 773 modo
762 718 844 772 victor
853 725 879 773 et
890 718 959 774 illud

281 804 437 849 montanum
450 794 543 865 positis
553 794 654 848 audiret
666 793 764 867 vulgus
774 794 875 848 aratris.

227 881 252 922 05
281 868 350 935 Quid
362 886 413 923 uon
425 868 577 940 proclames,
590 869 616 923 in
626 886 733 941 corpora
743 869 839 923 iudicis
850 868 898 923 ista

282 946 305 998 si
319 943 426 999 videas‘i
445 944 555 1010 Quaero,
569 963 602 999 an
612 944 719 999 deceant
728 943 846 998 multicia
855 945 970 998 tastem‘l

283 1020 348 1073 Acer
360 1029 386 1073 et
395 1020 540 1074 indomitus
554 1020 733 1092 libertatisque
743 1019 877 1092 magister,

283 1094 390 1155 Cretica,
402 1094 530 1165 perluces.
561 1095 636 1149 Dedit
646 1094 715 1150 hanc
724 1095 844 1168 contagio
855 1094 942 1150 labem

282 1176 307 1223 et
317 1169 389 1223 dabit
403 1170 429 1223 in
440 1169 542 1240 plurem
564 1171 632 1224 sicut
642 1188 708 1243 grex
718 1177 788 1225 totus
800 1170 827 1225 in
839 1171 911 1244 agris

228 1254 253 1296 00
283 1243 363 1298 unius
375 1244 462 1299 scabie
471 1245 540 1300 cadit
552 1253 577 1300 ct
585 1245 720 1319 porrigine
728 1246 810 1317 porci,

283 1336 388 1391 uvaque
397 1327 534 1392 conspecta
544 1320 653 1375 livorem
663 1321 736 1375 ducit
744 1321 778 1375 ab
791 1339 853 1375 uva.
1027 1360 1028 1373 2

321 1394 433 1450 Foedius
449 1396 497 1450 hoc
511 1395 612 1467 aliquid
630 1396 791 1467 quandoque
802 1395 913 1451 audebis
923 1399 1028 1511 anrictq

283 1472 366 1525 Nemo
380 1470 542 1543 repantefuit
556 1471 737 1543 turpissimus.
769 1471 938 1543 Accipienttc
1027 1516 1028 1519 ,

284 1546 419 1616 perdatim,
431 1548 479 1618 qui
490 1546 566 1620 longa
576 1547 648 1601 domi
660 1542 813 1601 redimicula
823 1558 936 1602 sumum
1027 1548 1028 1605 l

229 1630 253 1672 85
284 1619 422 1686 frontibus,
435 1630 520 1677 ettoto
530 1640 639 1693 posuere
650 1621 757 1677 monilia
768 1621 844 1688 collo,
1027 1630 1028 1687 1

283 1704 361 1767 atquc
370 1697 467 1751 Bonam
480 1705 582 1753 tenerae
590 1697 694 1770 placant
703 1697 843 1753 abdomine
855 1714 947 1769 porcae
1027 1732 1028 1737 =

282 1780 307 1824 et
317 1789 414 1844 magno
423 1780 519 1827 cratera
529 1773 613 1828 deam.
647 1773 707 1837 Sed,
721 1773 909 1840 meresinistro
1027 1772 1028 1779 ’

282 1847 411 1920 exagitata
422 1848 521 1918 procul,
536 1866 588 1903 non
599 1850 677 1903 intrat
689 1847 785 1903 femina
797 1848 892 1904 limen:

282 1922 346 1976 solis
356 1940 399 1976 ara
409 1923 473 1977 deae
482 1925 600 1978 maribus
610 1931 686 1994 patet.
721 1922 902 1995 ltaproianael

228 2005 254 2046 00
282 1997 423 2052 clamatur:
445 1998 883 2072 nullogemithictibicinacornu.

283 2074 355 2126 Tana
367 2080 463 2127 secreta
474 2074 611 2129 coluerunt
620 2074 699 2147 Orgia
712 2073 786 2129 taeda

283 2148 433 2218 Cecropiam
445 2148 513 2203 soliti
526 2151 621 2221 Baptae
631 2148 728 2203 lassare
737 2149 850 2222 Cotytto.

283 2222 329 2277 llle
338 2223 518 2294 supercilium,
532 2225 636 2278 madida
648 2224 758 2298 iuligine
768 2225 889 2287 tinctum,
1027 2214 1028 2263 l

282 2297 390 2369 obliqua
401 2298 520 2370 producit
530 2317 588 2365 acu,
601 2300 738 2372 pingitque
748 2307 886 2354 trementes

228 2379 253 2422 95
282 2374 402 2430 attollens
410 2373 513 2441 oculos3
537 2376 618 2430 vitreo
627 2375 694 2429 bibit
707 2374 750 2429 illc
762 2375 863 2445 Priapo,

283 2451 476 2522 reticulumque
487 2451 569 2504 romis
579 2458 700 2506 auratum
715 2451 866 2522 ingentibus
879 2450 978 2521 implet,

283 2526 400 2580 caerulea
413 2525 521 2579 indutus
531 2525 670 2590 scutulata,
683 2525 849 2598 autgalbana
861 2543 927 2589 rasa,

283 2606 308 2652 et
318 2617 363 2669 per
373 2601 499 2654 lunonem
509 2602 609 2659 domini
622 2600 723 2655 iurante
734 2600 864 2654 ministro.

284 2671 330 2725 lile
343 2673 566 2742 tenetspoculum,
582 2675 677 2745 pathici
692 2683 826 2748 gestamen
838 2675 958 2741 Othonis,
1027 2704 1028 2715 r

231 2754 269 2795 000
284 2744 385 2798 lictoris
395 2745 512 2800 Aruunei
523 2748 648 2817 spolium,
661 2767 715 2820 quo
728 2768 756 2804 se
767 2749 810 2804 illc
821 2750 925 2804 videbat
1027 2736 1028 2813 i

285 2824 424 2884 armatum,
437 2837 522 2890 quum
533 2822 585 2877 iam
596 2821 651 2876 tolli
662 2824 758 2880 vexilla
772 2825 881 2882 iuberet.
1027 2828 1028 2841 ¹
