2072 3332
277 286 422 336 sarran
439 286 482 357 vr.
717 279 751 335 00

18 388 110 445 tullum
118 389 220 446 crimen
230 389 303 444 abest
313 388 467 460 facinusque
478 385 606 453 libidinis,
618 404 715 461 exque

18 472 143 537 aupertas
152 466 270 527 Romana
280 470 356 536 perit.
386 462 541 518 llinclluxit
554 463 658 518 adlatos
766 473 805 518 005

18 549 30 594 t
40 539 149 615 Sybaris
158 539 247 605 celles,
259 540 323 594 hinc
331 548 356 594 et
366 540 471 595 Rhodos
480 547 505 593 et
513 538 614 593 Miletos

18 624 84 688 tque
92 623 247 671 coronatum
258 613 379 687 petulans
388 614 579 685 madidumque
589 615 738 670 Tarentum.

18 691 92 745 ’rima
103 691 255 765 peregrinos
263 691 389 745 obscoena
398 690 509 762 pecunia
519 708 605 745 meres

18 765 103 831 ntulit,
117 775 142 820 et
155 766 226 837 turpi
237 765 370 839 fregerunt
379 765 482 821 saecula
492 765 558 820 luxu

18 841 114 896 licitiae
124 841 227 896 molles.
258 840 408 907 Quideuim
418 837 693 897 Venusebriacurat‘l
767 848 806 892 300

18 917 128 989 agninis
136 923 162 970 et
171 916 264 988 capitis
273 934 341 988 quae
352 917 405 970 sint
414 916 576 980 discrimine,
589 914 678 979 nescit,

18 991 117 1063 grandia
127 1009 196 1064 quae
205 991 300 1046 mediis
309 992 363 1047 iam
374 992 495 1046 noctibus
504 1000 586 1046 ostrea
598 989 707 1054 mordet,

18 1084 93 1139 [uum
103 1065 207 1138 perlusa
218 1083 290 1122 mero
298 1075 425 1139 spumant
437 1074 570 1140 unguenta
582 1065 701 1127 Falerno.

18 1159 92 1214 [num
102 1141 204 1198 bibitur
215 1143 321 1207 concha,
332 1160 417 1214 quum
431 1142 483 1196 iam
495 1142 621 1215 vertigine
631 1148 726 1197 tectum

18 1216 135 1283 imbulat,
147 1225 173 1273 et
201 1217 297 1273 eminis
306 1218 425 1291 exsurgit
433 1234 522 1273 mensa
534 1217 658 1272 lucernis.
767 1224 807 1268 005

30 1300 135 1348 nuncet
146 1234 247 1355 delita.
261 1310 313 1365 qua
325 1294 427 1348 sorbeat
437 1311 495 1349 aare
504 1310 587 1348 sanna

18 1370 108 1430 laura.
124 1367 268 1423 Pudicitiae
277 1376 387 1424 vetarem
397 1386 482 1441 quum
493 1368 613 1440 praeterit
622 1383 709 1434 aram3

18 1442 96 1498 lullia
107 1443 173 1515 quid
185 1443 254 1509 dicat
265 1452 341 1499 notae
353 1444 472 1499 collactea
482 1445 597 1498 Maurae.

18 1519 135 1574 lectibus
144 1518 299 1591 bicpcnunt
309 1519 420 1585 lecticas,
435 1519 588 1574 micturiunt
597 1516 640 1571 hic

18 1593 179 1668 dligiemque
189 1594 347 1669 Deaelongis
356 1594 513 1667 siphonibus
525 1591 644 1666 implent,
768 1607 809 1653 000

17 1687 91 1799 naue
100 1670 171 1724 vices
181 1670 298 1742 equitant
306 1688 335 1725 ac
346 1670 408 1725 luna
418 1678 480 1726 teste
492 1678 641 1729 moventur.

19 1764 37 1799 n
57 1745 176 1800 edemus
186 1745 295 1800 abeunt:
317 1753 346 1799 tu
357 1745 449 1810 calcas,
461 1746 641 1815 inconversa,

19 1820 130 1894 oningis
141 1821 259 1884 urinam'
268 1838 378 1894 magnos
387 1821 494 1876 visurus
507 1821 615 1877 amicos.

19 1898 74 1950 lota
84 1896 172 1950 Bonae
181 1903 277 1950 secreta
289 1898 364 1961 Deae,
376 1914 460 1968 quum
471 1896 535 1952 tibia
544 1896 650 1954 lumbos

19 1972 109 2034 enitet,
122 1978 146 2025 et
157 1988 238 2026 cornu
247 1971 343 2043 pariter
353 1971 467 2043 vinoque
476 1971 596 2027 feruntur
769 1985 808 2029 315

19 2047 140 2112 ttonitae,
150 2047 303 2118 crinemque
312 2053 396 2103 rotant
404 2047 561 2120 ululantque
571 2049 657 2121 Priapi

19 2122 158 2177 daenades.
188 2121 210 2176 0
222 2131 338 2193 quantus
347 2129 411 2177 tuuc
419 2121 472 2176 illis
485 2123 618 2179 mentibus
628 2125 705 2180 arder

19 2197 180 2252 :cncubitusl
202 2214 270 2267 quae
281 2215 331 2252 vox
341 2197 451 2253 saltante
461 2197 581 2254 libidine!
603 2208 719 2272 quantus

19 2272 55 2327 lle
65 2272 132 2327 meri
143 2272 236 2327 veteris
245 2290 292 2344 per
300 2290 377 2326 crura
386 2273 516 2328 madentia
526 2277 638 2330 torreusl

19 2346 589 2419 „euenumancillaspositaLaulellacorona
769 2358 809 2401 000

19 2430 143 2488 >reuocat¹
156 2429 182 2477 et
192 2421 259 2477 tollit
267 2422 405 2494 pandentis
414 2424 530 2494 praemia
539 2441 626 2478 coxae.

19 2502 70 2569 Jpsa
80 2496 240 2554 Medullinae
249 2496 353 2553 frictum
364 2498 499 2554 crissantis
508 2498 611 2553 adorat:

19 2571 128 2628 >almam
140 2573 208 2628 inter
219 2572 340 2627 dominas
352 2573 437 2629 virtus
447 2573 578 2628 natalibus
589 2579 691 2643 aequat.

19 2647 55 2701 til
67 2648 103 2702 ibi
117 2666 164 2720 per
174 2648 268 2702 ludum
278 2648 460 2703 simulabitur:
481 2647 569 2703 omnia
580 2646 642 2702 lient

19 2723 46 2777 rd
56 2741 160 2789 verum,
171 2723 273 2795 quibus
284 2724 387 2778 incendi
398 2723 452 2779 iam
460 2721 574 2796 frigidus
583 2738 648 2777 aevo
668 2750 673 2761 ·
772 2731 811 2773 aas

19 2797 245 2856 baomedontiades
254 2807 280 2853 et
288 2798 404 2857 Nestoris
414 2797 506 2854 hernia
514 2797 607 2870 possit.
