2072 3332
271 261 304 316 76
514 322 519 332 Ι
535 269 745 317 Iuventius

174 389 179 399 ⁴
271 387 319 442 pro
327 370 427 425 cithara
436 369 522 426 velare
531 379 622 442 caput;
644 371 790 441 dictataque
800 372 886 426 verba

271 444 388 518 protulit,
401 454 430 500 ut
439 463 496 500 mos
507 454 555 508 est.
567 455 592 500 et
602 454 688 518 aperta
699 445 792 517 palluit
802 463 886 519 agna.

271 522 318 575 Dic
327 521 394 577 mihi
404 539 483 581 nunc.
496 539 602 593 quaeso,
615 522 666 585 dic,
681 520 870 593 antiquissime
879 523 991 589 Divum,

272 597 413 668 respondes
424 596 475 661 his,
487 598 547 651 lane
557 595 647 668 pater?
669 597 763 670 Magna
777 596 831 651 otia
839 597 927 653 coeli:

217 681 257 725 395
271 689 323 727 non
333 679 381 736 est,
394 679 424 727 ut
432 672 516 737 video,
529 679 638 733 nonest,
650 672 912 744 quodagaturapud
927 691 984 728 vos.

272 749 339 803 llaec
349 747 382 802 de
391 746 521 802 comoedis
531 755 556 801 te
564 746 690 814 consulit3
712 745 757 800 illa
766 748 928 820 tragoedum

272 823 455 878 commendare
463 822 545 877 volet:
567 823 701 876 varicosus
715 821 759 876 fiat
767 821 917 894 haruspex.

304 899 360 954 Sed
370 906 454 953 cantet
466 899 563 969 potius,
578 915 658 969 quam
670 904 750 951 totam
761 896 878 968 pervolet
891 900 988 954 urbem

271 974 368 1040 audax,
380 981 405 1028 et
413 980 502 1028 coetus
511 973 593 1044 possit
601 990 683 1045 quam
693 971 760 1027 ferre
772 973 905 1040 virorum,

218 1054 258 1101 lot
272 1066 387 1122 cumque
399 1047 530 1120 paludatis
539 1048 652 1102 ducibus
661 1055 796 1118 praesente
806 1050 903 1104 marito

273 1125 329 1197 ipsa
340 1124 413 1195 loqui
422 1130 489 1178 recta
499 1122 564 1177 lacis
573 1124 722 1194 strictisque
731 1123 869 1179 mamillis.

272 1201 340 1256 llaec
349 1198 440 1254 eadem
452 1198 533 1261 novit,
545 1198 611 1269 quid
622 1205 673 1252 toto
683 1198 728 1252 fiat
737 1198 765 1252 in
774 1199 852 1266 orbe3

272 1276 339 1347 quid
348 1275 435 1337 Seres,
445 1273 511 1346 quid
522 1273 635 1328 Thraces
649 1281 741 1346 agant:
762 1283 860 1329 secreta
872 1293 998 1331 novercae

272 1359 297 1406 et
306 1351 394 1423 pueri:
415 1351 477 1423 quis
486 1357 564 1415 amet,
577 1349 638 1421 quis
648 1349 793 1419 decipiatur
804 1348 917 1405 adulter.

218 1432 257 1479 lut
272 1428 352 1492 Dicet,
364 1425 426 1500 quis
436 1426 544 1481 viduam
555 1432 742 1498 praegnantem
753 1423 849 1491 lecerit,
861 1433 888 1481 et
900 1444 956 1499 quo

273 1520 372 1564 mense.
388 1501 489 1573 quibus
506 1501 594 1557 verbis
613 1499 769 1555 concumbat
783 1517 918 1573 quaeque,
935 1502 1000 1557 mod'

691 1583 747 1630 uot.

274 1653 416 1706 lnstantem
427 1651 481 1725 regi
492 1650 617 1705 Armenio
627 1593 775 1723 Pailhoque
784 1660 901 1706 cometen

274 1727 359 1798 prima
369 1727 452 1794 videt;
474 1725 571 1780 lamam
582 1744 753 1798 rumoresque
763 1726 807 1780 illa
818 1735 931 1782 recentes

273 1802 369 1873 excipit
379 1801 522 1874 adportas:
543 1803 671 1874 quosdam
687 1801 758 1857 lacit.
787 1803 1007 1875 lsseNipbatemj

220 1886 259 1932 tto
275 1881 301 1932 ln
313 1876 432 1949 populos,
446 1894 596 1951 magnoque
605 1877 658 1931 illic
667 1884 758 1932 cuneta
771 1894 833 1932 arva
844 1880 923 1932 teneri
1006 1918 1007 1959 r

274 1953 384 2019 diluvio,
400 1960 492 2008 nutare
502 1954 590 2019 urbas,
605 1953 742 2008 subsidere
753 1962 842 2027 terras,
1006 1998 1007 2043 p

274 2045 442 2102 quocumque
457 2031 485 2084 in
499 2030 586 2093 trivio,
603 2029 763 2103 cuicumque
773 2036 812 2082 est
824 2028 909 2093 obvia,
922 2037 1007 2101 narrat

268 2114 271 2119 ’
311 2106 365 2160 Nec
379 2112 465 2160 tamen
483 2106 510 2159 id
525 2105 620 2159 vitium
638 2104 723 2177 magis
738 2102 912 2167 intolerabile,
933 2122 1007 2181 quarn

662 2171 668 2190 ⁹
697 2178 749 2234 uod

275 2256 374 2310 vicinos
384 2254 498 2310 humiles
509 2272 598 2327 rapere
606 2264 631 2310 et
639 2197 774 2309 collidere
783 2253 846 2309 loris

222 2339 259 2385 415
273 2329 458 2385 exoratasolet.
487 2331 555 2384 Nam
565 2331 588 2384 si
598 2330 734 2385 latratibus
743 2329 789 2385 alti

275 2414 436 2477 rumpuntur
444 2406 546 2473 somni3
567 2405 807 2469 restaurantes,
820 2405 912 2476 inquit,
1006 2418 1007 2425 ¹

275 2484 381 2552 afferte!
400 2489 479 2553 atque
490 2479 543 2534 illis
552 2478 690 2535 dominum
699 2480 772 2535 iubet
781 2487 841 2533 ante
850 2478 926 2544 feriri,

275 2555 370 2610 deinde
378 2574 479 2612 canem.
509 2555 604 2611 Gravis
617 2572 736 2620 occursu,
750 2555 879 2609 teterrima
888 2555 958 2610 vultu
1006 2588 1007 2633 p

272 2629 367 2689 balnea
380 2631 548 2698 noctosubit;
570 2631 681 2686 conchas
694 2638 719 2686 et
726 2637 810 2685 castra
820 2630 915 2685 moveri
1006 2636 1007 2641 ’

222 2709 261 2756 tro
277 2705 444 2769 nocteiubat‚
465 2722 563 2779 magno
573 2705 671 2779 gaudet
679 2706 775 2760 sudare
784 2705 906 2770 tumultu,

277 2792 362 2849 quum
372 2777 466 2834 lassata
474 2781 549 2854 gravi
558 2780 707 2836 ceciderunt
716 2779 822 2835 brachia
832 2795 921 2846 massa,
1006 2760 1007 2839 l

360 3196 1007 3306 Α
