2028 3224
274 305 418 353 snrlua
436 303 478 351 vl.
712 302 746 356 79

14 427 61 464 am
75 408 100 462 si
110 407 246 463 constituit
256 407 385 479 solitoque
394 405 528 461 decentius
538 413 609 477 optat

14 484 132 541 uariat
144 494 273 554 properat,
288 482 396 554 iamque
409 488 574 552 exspectatur
583 482 611 536 in
622 483 714 549 hortis,

14 568 34 613 rt
45 558 123 629 apud
134 559 231 612 Isiacae
240 558 327 629 potius
337 559 448 612 sacraria
459 556 547 624 lenae;

14 634 131 705 imponit
141 633 242 688 crinem
253 632 369 687 laceratis
381 633 437 703 ipsa
447 630 549 702 capillis
678 633 680 639 '
760 644 799 689 tun

14 710 68 763 rda
79 709 206 763 humeros
216 708 310 763 Psecas
319 706 421 769 infelix,
434 707 567 779 nudisque
576 708 709 764 mamillis.

14 786 133 838 ltiorlric
143 802 227 851 quare
237 781 391 837 cincinnus?
411 784 510 837 Taurea
522 783 599 853 punit

14 859 61 913 »nti
67 876 122 912 nuo
132 856 193 912 llexi
203 856 302 912 crimen
313 856 467 929 facinusque
476 857 573 929 capilli.

14 933 65 988 uid
72 935 167 987 Psecas
177 931 303 988 admisit?
320 932 739 1006 quaenamesthicoulpapuellae,

19 1008 77 1063 tibi
87 1008 226 1080 displicuit
238 1024 319 1062 nasus
329 1007 410 1062 tuus?
427 1007 514 1063 Altera
524 1006 629 1063 laevum
761 1019 799 1066 lta

14 1084 114 1139 :tendit
124 1084 256 1156 pectitque
262 1099 350 1138 comas
359 1090 384 1137 et
396 1083 478 1139 volvit
488 1084 515 1138 in
525 1084 626 1140 orbem.

14 1168 39 1214 st
50 1160 81 1214 in
90 1159 205 1215 consilio
213 1165 341 1226 matrona,
353 1159 510 1231 admotaque
520 1158 596 1226 lanis,

14 1235 103 1291 uerita
113 1253 185 1308 quae
196 1243 280 1290 cessat
289 1252 360 1290 acuz-
372 1237 499 1291 sententia
510 1237 594 1307 prima

14 1312 78 1366 uius
88 1311 153 1365 erit:
174 1310 312 1382 posthanc
321 1317 401 1367 aetate
412 1320 490 1385 atque
499 1321 553 1368 arte
563 1314 677 1368 minores

14 1387 152 1452 tusebunt,
164 1393 301 1461 tamquam
311 1387 394 1443 lamae
403 1388 545 1444 discrImeu
556 1399 648 1461 agatur
761 1403 799 1443 suc

14 1463 172 1529 unanimae,
194 1470 264 1519 tanta
275 1472 314 1518 cst
322 1463 465 1535 quaerendi
474 1479 537 1517 cura
546 1463 655 1517 decoris.

14 1547 41 1592 ot
52 1539 153 1610 premit
160 1536 309 1604 ordinibus,
320 1548 358 1594 tot
367 1540 453 1594 adhuc
462 1539 635 1611 compagibus
646 1538 727 1595 altum

14 1614 216 1687 edificatcaput.
243 1611 561 1671 Andromachenulronte
572 1614 689 1671 videbis:

14 1698 55 1744 ost
64 1691 156 1746 minor
165 1699 217 1745 est:
238 1689 316 1744 alium
326 1690 426 1747 credas.
456 1688 535 1756 Cedo,
547 1688 570 1744 si
581 1689 660 1745 breve
670 1692 743 1762 parvi

14 1767 87 1821 urtica
97 1773 138 1820 est
149 1765 235 1821 lateris
244 1765 369 1836 spatium,
380 1764 537 1836 breviorque
547 1765 650 1821 videtur
761 1780 799 1821 555

15 1842 102 1915 irgine
112 1842 254 1913 Pygmaea,
268 1838 349 1895 nullis
358 1839 447 1897 adiuta
458 1839 602 1906 cothurnis,

14 1926 20 1969 t
32 1917 101 1970 levis
112 1923 196 1968 erecta
205 1915 340 1989 consurgit
349 1914 382 1970 ad
391 1914 478 1969 oscula
491 1913 599 1985 planta?

34 1990 115 2045 Nulla
126 1989 179 2044 viri
189 2006 251 2044 cura
262 1989 367 2055 interea,
378 2007 426 2045 nec
438 1990 535 2044 mentio
544 1990 587 2044 fiet

16 2083 175 2121 amnorum:
196 2065 263 2119 vivit
272 2072 407 2137 tamquam
416 2064 501 2120 vicina
513 2065 615 2130 marito,

14 2159 48 2194 oc
56 2140 115 2195 solo
124 2140 238 2211 propior,
249 2139 321 2212 quod
331 2140 428 2195 amicos
438 2140 558 2213 coniugis
567 2139 623 2195 odit
761 2152 799 2193 515

14 2224 135 2279 tservos,
146 2214 237 2289 gravis
246 2223 285 2270 est
297 2215 452 2271 rationibus.
485 2215 551 2271 Eece
560 2213 670 2270 furentis

14 2291 120 2346 erronee
131 2291 275 2362 matrisque
284 2293 367 2345 Deum
377 2290 472 2344 chorus
483 2290 561 2345 intrat
573 2299 598 2344 et
607 2291 702 2364 ingens

14 2366 118 2431 emivir,
131 2366 259 2421 obscoeno
269 2366 346 2421 iacies
357 2364 496 2420 reverenda
507 2366 612 2429 minori,

14 2441 89 2496 nollia
99 2441 147 2512 qui
158 2449 233 2512 rupta
244 2441 326 2497 secuit
334 2440 456 2514 genitalia
467 2448 530 2499 testa

14 2534 53 2571 am
64 2516 177 2588 pridem,
189 2515 232 2569 cui
244 2533 321 2571 rauca
330 2515 432 2579 cohors,
444 2516 487 2570 cui
496 2525 622 2591 tympana
633 2514 729 2571 cedunt
762 2525 799 2569 515

14 2591 112 2657 ›lebeia‚
125 2598 150 2645 et
160 2590 275 2665 Phrygia
284 2591 395 2647 vestitur
404 2591 486 2647 bucca
495 2593 570 2646 tiara.

14 2665 107 2722 bande
116 2673 191 2721 sonat
200 2665 335 2739 metuique
345 2666 417 2721 iubet
426 2665 584 2739 Septembris
594 2673 618 2718 et
629 2665 717 2720 Austri

14 2741 154 2806 idventum,
168 2740 218 2797 nisi
229 2759 257 2797 se
266 2749 371 2797 cantum
382 2741 530 2797 lustraverit
538 2741 596 2794 ovis

14 2826 27 2871 5
34 2815 228 2890 xerampelinas
238 2825 336 2874 veteres
348 2817 483 2874 donaverit
494 2815 553 2888 ipsi,
