2028 3224
251 257 397 307 suumn
414 258 483 305 vm.
709 255 742 308 99

12 381 33 417 u
47 358 425 435 Agamemnonideecrimem
446 359 718 415 sedoeusalaoitrem
759 371 798 414 215

12 437 163 492 ssimilem.
195 435 299 509 Quippe
309 435 354 491 ille
364 436 420 491 deis
430 436 581 491 auctoribus
592 435 661 490 ultor

12 514 69 567 tris
80 520 150 576 erat,
162 512 231 566 oaesi
241 513 327 567 medie
339 512 405 567 inter
415 511 522 583 pocula;
544 511 591 566 sed
602 529 648 565 nee

11 597 106 644 ,cetrae
118 586 213 661 iugulo
222 605 251 642 se
260 587 363 659 polluit,
374 596 419 642 out
428 586 549 658 Spertaui

11 663 124 737 nguine
134 662 265 736 coniugii3
288 662 371 717 nullis
381 664 482 718 aconita
492 661 650 734 propinquis

11 739 107 803 mouit,
121 738 151 793 in
160 755 239 793 soene
251 756 402 810 numquam
410 739 525 793 cantavit
534 737 653 803 Orestem
759 745 799 788 222

11 816 79 870 roiea
90 830 148 868 nou
157 813 272 885 scripsit.
306 813 376 881 Quid
385 815 456 869 enim
468 813 609 887 Verginius
619 811 702 866 arrnis

11 891 80 945 buit
89 888 185 944 ulcisci
194 889 291 962 magis,
303 897 349 944 aut
357 906 420 943 oum
431 889 540 944 Vindice
552 886 655 943 Galbe‘l

11 966 52 1020 rid
60 967 137 1020 Nero
147 974 200 1019 tem
211 981 288 1020 serua
298 964 432 1037 crudoque
442 963 583 1037 tyrannide
592 961 670 1017 lecit?

11 1059 56 1096 reo
64 1058 149 1114 opere
159 1048 239 1111 atque
248 1040 299 1095 hee
307 1048 371 1096 sunt
379 1040 500 1114 generosi
511 1039 640 1110 Principis
653 1046 730 1103 artes,

11 1116 133 1172 rudentis
143 1114 217 1171 foedo
227 1117 364 1190 peregriua
374 1117 408 1171 sd
416 1115 517 1188 pulpito
529 1114 599 1169 saltu
759 1122 797 1165 225

11 1192 125 1256 nstitui,
137 1191 288 1264 Graiaeque
295 1192 387 1264 apium
397 1192 527 1245 meruisse
535 1207 656 1245 coronae.

11 1269 122 1323 olorum
135 1266 240 1341 effigies
246 1267 360 1327 lubebat
370 1267 485 1340 insignia
497 1268 581 1321 voois:

11 1352 47 1399 rte
56 1343 142 1418 pedes
152 1343 250 1398 Domiti
260 1342 371 1417 longum
381 1350 410 1397 tu
420 1359 488 1414 poue
498 1342 628 1415 Thyestae

11 1438 80 1475 uma
91 1418 135 1474 vel
147 1418 295 1492 Antigones
303 1436 350 1473 seu
360 1435 499 1490 personam
510 1416 680 1487 Menalippes,

19 1495 54 1550 de
64 1511 217 1550 marmoreo
226 1494 352 1549 citharam
366 1492 500 1565 suspende
512 1491 620 1547 oolosso.
758 1499 797 1542 230

9 1571 68 1634 uid,
82 1569 206 1636 Catilina,
218 1570 272 1624 tuis
283 1569 414 1624 natalibus
424 1577 503 1641 etque
516 1566 623 1640 Cethegi

10 1636 109 1701 ueniet
118 1647 265 1718 quispiam
274 1644 440 1701 sublimius?
458 1647 539 1700 Arme
551 1651 640 1698 tamen
653 1658 701 1697 vos

10 1730 119 1777 seturna
133 1730 159 1776 et
167 1720 288 1777 flammas
301 1721 426 1777 domibus
435 1719 595 1792 templisque
604 1717 726 1791 parastis,

10 1800 200 1854 tBracatorum
210 1798 285 1869 pueri
294 1797 484 1870 Senonumque
494 1796 620 1860 minores.

10 1876 56 1939 ssi,
70 1874 146 1946 quod
159 1872 235 1927 liceat
243 1874 335 1928 tunice
342 1872 437 1944 punire
448 1871 568 1927 moleste.
757 1877 797 1920 225

10 1950 39 2004 ed
48 1948 146 2024 vigilat
156 1947 266 2014 Consul.
277 1944 428 2020 uexilleque
437 1954 523 2003 uestro
532 1953 641 2001 ooeroet.

13 2025 36 2079 io
47 2043 137 2080 nouus
145 2024 269 2096 Arpinas,
282 2024 416 2097 ignobilis,
429 2032 454 2079 et
462 2022 542 2077 modo
550 2022 649 2076 Romae

10 2099 163 2172 tunicipelis
173 2100 272 2170 Eques,
285 2099 416 2173 galeatum
428 2098 502 2172 ponit
511 2097 613 2169 ubique

10 2175 158 2232 raesidium
169 2175 303 2237 adtonitis.
316 2184 341 2230 et
352 2175 461 2230 inomni
472 2182 552 2248 geute
561 2172 670 2228 laboret.

10 2254 105 2308 'autum
117 2251 199 2324 igitur
209 2268 299 2305 muros
310 2251 379 2307 intra
389 2259 448 2324 toga
457 2249 568 2304 eontulit
577 2248 616 2303 illi
757 2251 796 2299 tto

10 2328 109 2382 ominis
122 2333 147 2380 et
157 2324 237 2390 tituli,
249 2333 381 2398 quantum
390 2343 443 2382 non
453 2324 582 2389 leucade,
598 2328 728 2395 quantum

10 2402 141 2458 'hesseliae
151 2401 252 2473 eanrpis
265 2401 389 2458 Octavius
400 2400 510 2458 obstulit
519 2399 572 2454 udo

10 2480 117 2534 nedibus
127 2476 248 2532 adsiduis
259 2477 356 2551 gladio.
386 2477 437 2533 Sed
447 2478 530 2532 Roma
542 2480 687 2546 parentem,

10 2562 72 2613 tome
84 2563 185 2625 patrem
197 2553 295 2623 patriae
308 2553 459 2609 Ciceronem
472 2552 553 2607 libere
564 2548 642 2603 dixit.

10 2631 106 2702 spinas
117 2628 186 2683 allus
197 2627 352 2685 Volscorum
364 2629 391 2683 in
403 2635 492 2683 moute
501 2625 602 2681 solebat
756 2630 797 2679 tls

10 2723 96 2761 osoere
104 2703 246 2770 mercedes¹
259 2703 345 2759 alieno
355 2702 442 2758 lessus
452 2710 549 2767 eretr03

10 2782 117 2836 ,odosam
127 2786 188 2852 post
197 2781 260 2835 haee
269 2779 406 2853 frangebat
414 2780 510 2834 vertice
520 2776 611 2839 vitem,

578 2866 630 2922 Gn
