2072 3332
291 260 324 312 78
556 265 766 314 IUVENALIS

236 367 241 376 '
291 366 524 441 ignotosquemihi
537 374 607 422 tenet
616 367 763 439 antiquaria
774 385 878 433 versus,

236 449 276 498 455
291 460 340 497 nec
348 442 463 498 curanda
474 443 538 497 viris
547 443 636 512 opicae
645 444 754 516 castigat
762 443 863 497 amicae

291 518 379 573 verba.
407 517 595 573 soloecismum
607 517 682 573 liceat
694 517 786 572 secisse
795 519 901 574 marito.

328 593 372 648 Nil
383 610 435 647 non
445 593 571 663 permittit
580 593 677 648 mulier
686 594 748 657 sibi,
760 601 836 664 turpe
845 602 923 665 putat
933 595 990 661 nii,

291 687 376 741 quum
387 668 484 724 virides
492 685 611 741 gemmas
620 668 687 723 eollo
695 664 879 732 circumdedit,
891 678 918 724 et
926 685 993 743 qun
1001 697 1019 722 u

292 744 402 799 auribus
411 743 523 799 extentis
533 761 643 816 inagnos
653 744 785 799 commisit
794 744 931 800 eienchoo.

238 828 277 874 tto
292 818 485 875 Intolerabilius
497 818 564 873 nihil
574 827 622 883 est,
635 837 716 890 quam
727 818 822 873 femina
832 819 919 876 dives.

329 896 427 949 interea
438 892 510 948 foeda
521 902 627 965 aspectu
638 894 800 965 ridendaque
808 895 895 950 multo

292 987 359 1041 pane
372 977 455 1023 tumet
466 968 553 1031 iacies,
564 977 609 1024 aut
618 969 729 1042 pinguia
743 971 896 1040 Poppaeana

292 1045 382 1116 spirat,
397 1052 422 1098 et
433 1044 495 1098 hine
505 1044 593 1098 miseri
603 1045 738 1099 viscantur
748 1043 819 1099 labra
831 1047 932 1101 mariti.

293 1119 333 1174 Ad
344 1118 483 1174 moechum
494 1119 580 1172 veniet
590 1118 639 1173 lota
649 1127 716 1174 cute.
748 1119 860 1184 Quando
872 1122 963 1177 videri

239 1204 276 1249 tte
294 1193 470 1249 vuitiormosa
481 1192 573 1247 domi‘?
591 1193 960 1266 moechisfoliataparantur:

291 1270 334 1324 his
343 1270 449 1332 emitur,
464 1268 712 1341 quidquidgraciies
726 1270 777 1324 huc
787 1271 891 1325 mittitis
901 1274 979 1328 Indi.

293 1345 408 1400 Tandem
423 1344 505 1416 aperit
514 1343 619 1398 vultum
630 1353 655 1399 et
664 1346 767 1399 tectoria
778 1346 863 1417 prima
876 1350 1002 1419 reponit:

294 1421 385 1492 incipit
393 1420 509 1493 agnosci,
521 1426 600 1491 atque
610 1419 655 1474 iilo
666 1419 730 1475 iacto
740 1419 850 1486 fovetur,

293 1494 478 1568 propterquod
487 1512 578 1549 secum
588 1496 696 1550 comites
704 1495 792 1549 educit
805 1496 909 1562 asellas,

238 1583 276 1624 rto
291 1571 368 1626 exsul
380 1571 576 1645 Hyperboreum
587 1571 610 1624 ai
621 1571 768 1626 dimittatur
777 1571 811 1626 ad
824 1589 911 1627 axem.

292 1647 344 1702 Sed
352 1664 422 1718 quae
431 1646 539 1700 mutatis
548 1645 683 1701 inducitur
693 1654 772 1718 atque
781 1645 883 1702 fovetur

293 1730 329 1776 tot
339 1720 559 1779 medicaminibus
568 1729 706 1793 coctaeque
715 1721 830 1795 siliginis
839 1723 905 1777 offas

292 1797 418 1868 accipitet
427 1796 557 1859 madidae,
569 1794 648 1852 facies
658 1797 767 1861 dicetur,
782 1798 922 1853 anninus?

329 1874 377 1927 Est
386 1889 479 1944 operae
488 1872 611 1944 pretium,
626 1873 731 1944 penitus
741 1891 904 1947 cognoscere.
917 1882 975 1930 toto

238 1959 277 2005 tte
291 1948 358 2020 quid
367 1947 463 2005 iaciant
472 1948 684 2021 agitentquedie.
715 1948 742 2003 Si
752 1957 826 2004 nocte
836 1950 950 2005 maritus
1019 1974 1020 1981 ¹

292 2042 401 2080 aversus
412 2024 503 2092 iacuit;
524 2024 601 2096 periit
611 2022 725 2089 libraria,
739 2033 841 2095 ponunt
1019 2030 1020 2083 i

292 2107 421 2155 cosmetae
431 2100 542 2165 tunicas,
554 2099 626 2155 tarde
636 2099 742 2154 venisse
750 2099 886 2154 Liburnus
1019 2098 1020 2159 i

292 2175 389 2230 dicitur
399 2183 424 2229 et
432 2192 530 2247 poenas
542 2174 620 2230 alieni
630 2174 742 2246 pendere
751 2175 839 2229 somni

293 2252 409 2324 cogitur:
430 2250 475 2307 hio
483 2249 581 2324 frangit
590 2248 696 2314 ferulae,
711 2249 788 2304 rubet
797 2248 841 2304 ille
851 2248 974 2324 flagelio,

239 2337 278 2381 tto
293 2328 337 2382 hic
346 2326 459 2381 scutica:
484 2332 556 2388 aunt,
570 2343 639 2397 quae
649 2325 790 2379 tortoribus
800 2343 888 2380 annua
899 2334 1020 2397 praeeted

294 2403 426 2465 Verberat,
438 2408 516 2473 atque
525 2400 610 2455 obiter
619 2398 711 2454 faciem
722 2400 793 2468 linit3
816 2400 890 2455 audit
899 2402 1007 2469 arnicas,

294 2485 339 2533 aut
352 2477 434 2531 latum
446 2477 528 2548 pictae
538 2475 619 2529 vestie
629 2476 775 2530 considerat
785 2492 890 2540 aurum,

294 2562 319 2607 et
328 2552 424 2620 caedit;
446 2550 519 2623 longi
529 2549 620 2623 relegit
633 2558 762 2605 transacta
774 2548 863 2605 diurni
868 2593 873 2616 ‚

294 2635 319 2682 et
329 2626 420 2684 caedit.
432 2626 514 2681 donec
523 2624 600 2679 lassis
610 2625 778 2680 caedentibus
787 2626 850 2679 EXI

241 2710 280 2756 tao
294 2702 394 2756 intonat
404 2698 574 2764 horrendum,
587 2701 639 2756 iarn
649 2700 798 2773 cognitione
807 2708 918 2771 peracta.

332 2774 493 2829 Praefectura
503 2773 599 2830 domus
607 2773 694 2830 Sicula
705 2792 755 2830 non
767 2776 856 2831 mitior
867 2776 937 2832 aula.
