2072 3332
296 288 329 341 ll
558 292 770 341 IUVENALIS

297 397 372 449 Tuno
389 393 497 466 prurigo
510 411 598 448 morae
613 394 765 466 impatiens,
782 401 846 448 tuno
862 391 963 448 femina
978 393 1000 446 si

700 470 770 541 pler,

298 553 323 598 et
332 548 383 599 toto
393 545 489 616 pariter
499 544 622 615 repetitus
630 544 729 599 elamor
738 545 772 598 ab
782 550 870 598 antro:
968 604 971 611 Ι

298 621 354 674 lam
365 626 467 689 333333,-
485 621 686 675 admitteor'rosl
704 616 830 674 Dormitat
839 617 959 687 adulter,

243 706 282 749 333
298 695 341 749 illa
352 694 424 749 iubet
433 701 521 748 sumto
530 694 653 753 iuvenem
663 712 800 767 properare
808 692 925 748 cucullo.

297 769 324 824 Si
336 769 402 824 nihil
412 779 460 834 est,
473 769 556 824 servis
568 769 718 826 incurritur.
749 767 898 824 Abstuleris
907 786 983 840 spem

297 861 443 910 servorum,
455 845 542 901 veniet
550 844 694 900 eonduotus
705 844 840 917 aquarius.
871 845 920 898 llic
929 844 953 898 si

297 921 433 993 quaeritur
441 929 466 975 et
474 921 571 975 desunt
579 920 714 990 homines3
736 917 1003 992 morauullaperipsa

298 1012 351 1067 quo
364 996 454 1050 miuus
466 995 589 1068 imposito
600 995 706 1051 clunem
716 994 854 1051 submittat
863 994 952 1049 asello.

244 1082 283 1125 335
298 1073 384 1142 Atque
394 1071 493 1125 utinam
504 1071 570 1125 ritus
579 1076 678 1126 veteres
688 1078 714 1126 at
722 1069 828 1142 publiea
837 1068 932 1124 saltem

299 1146 341 1200 his
351 1146 446 1200 intaeta
455 1144 532 1200 malis
542 1154 680 1218 agerentur
689 1163 777 1201 saera:
797 1144 947 1200 sedomnss

299 1230 428 1278 noverunt
437 1220 522 1275 Mauri
533 1228 612 1293 atque
623 1221 691 1286 ludi,
703 1236 772 1294 quas
784 1219 891 1293 psaltria
902 1237 998 1292 penem

299 1297 433 1362 maiorem,
446 1313 526 1368 quam
538 1304 601 1351 sunt
611 1297 665 1352 duo
674 1297 791 1354 Caesaris
801 1295 982 1362 Anticatones,

300 1373 371 1437 illuc,
382 1371 495 1426 testiculi
505 1371 557 1427 sibi
566 1372 687 1428 oonseius
697 1372 767 1427 unde
777 1370 845 1446 fugit
854 1387 925 1437 mus,

244 1453 284 1500 tlt
300 1447 425 1513 intulerit,
436 1447 483 1502 ubi
493 1447 574 1503 velari
582 1448 684 1520 pictura
694 1448 808 1513 iubetur,

298 1538 482 1595 quascumque
491 1523 598 1578 alterius
607 1541 687 1578 sexus
700 1523 799 1578 imitata
809 1521 924 1596 liguram
934 1528 986 1577 est.

298 1598 332 1652 Et
341 1599 403 1670 quis
411 1596 912 1654 tunehominumountsmtornuminis‘l
930 1607 978 1653 aut

298 1673 463 1744 simpuvium
473 1672 556 1727 ridere
566 1675 677 1737 Numae,
690 1675 851 1747 nigrumque
859 1673 992 1740 setinum,

298 1755 324 1803 33
332 1749 456 1805 Vaticano
464 1747 569 1821 fragiles
582 1748 614 1802 ds
623 1758 711 1805 monte
722 1749 831 1822 patellas

244 1829 285 1876 333
299 1838 382 1879 ausus
391 1823 461 1878 erat‘l
476 1822 529 1878 Sed
539 1840 611 1879 nunc
619 1825 653 1879 ad
664 1843 732 1897 quas
741 1842 794 1880 non
804 1822 912 1880 Clodius
924 1823 1001 1879 aras?

337 1898 432 1963 Audio,
443 1898 510 1971 quid
521 1907 619 1954 veteres
627 1899 691 1955 olim
701 1899 828 1956 moneatis
838 1898 931 1954 amisi:

300 1977 587 2044 eonsummatos.
616 1975 667 2031 Sed
676 1977 738 2048 quis
747 1975 874 2031 custodiet
883 1975 958 2047 ipsos
1015 1948 1016 2037 l

299 2049 437 2105 custodes?
455 2049 536 2107 Cauta
546 2059 593 2117 est,
606 2059 632 2106 et
640 2051 673 2106 ab
683 2052 736 2107 illis
748 2052 841 2123 iueipit
848 2066 928 2105 uxor.
1015 2058 1016 2131 p

307 2136 309 2140 ⁴
338 2128 445 2198 lamque
453 2126 662 2181 eademsummis
670 2124 1016 2239 pariterminimisquelibidp

246 2214 285 2257 353
301 2219 347 2257 neo
357 2201 456 2265 melior,
468 2202 567 2257 silicam
581 2202 693 2274 pedibus
703 2221 771 2274 quae
781 2202 889 2257 conterit
899 2209 998 2267 atrum,

300 2294 381 2350 quum
391 2293 459 2349 quae
469 2276 607 2350 longorum
617 2278 722 2334 vehitur
730 2278 830 2334 servios
842 2276 981 2350 Syrorum.

337 2353 371 2408 Ut
380 2360 477 2423 spectet
485 2351 571 2417 ludos,
584 2353 704 2408 conducit
714 2353 828 2428 Ogulnia
842 2359 953 2418 vestem,

300 2427 546 2492 oondueitoomites‚
557 2426 659 2493 sellam,
670 2428 789 2496 33333331,
805 2427 913 2493 amicas,

301 2504 438 2567 nutricem,
449 2510 475 2558 et
484 2500 588 2567 flavam,
599 2503 642 2557 oui
652 2503 837 2569 demandata,
848 2501 975 2575 puellam.

247 2589 286 2632 333
299 2580 473 2640 Haeotemen,
492 2577 593 2650 argenti
602 2588 722 2650 superest
735 2580 923 2652 quodcumque
932 2596 966 2650 pa

302 2652 406 2707 levibus
418 2651 531 2716 athletis,
543 2670 573 2707 ac
582 2670 645 2708 vasa
657 2656 811 2724 novissima,
823 2654 913 2709 donat.
1015 2694 1016 2739 p

301 2725 391 2781 Multis
400 2744 443 2781 res
451 2734 563 2801 angusta
573 2727 645 2782 domi
657 2738 709 2786 est:
730 2728 777 2784 ssd
787 2727 861 2784 nulla
871 2727 998 2800 pudorem

302 2803 461 2873 paupertatis
470 2801 557 2868 habet,
568 2818 617 2859 333
624 2819 655 2860 ss
665 2804 772 2861 metitur
782 2804 816 2859 ad
825 2801 903 2858 illurn
